<mjloggm ver="2.3"><GO type="169" lobby="0"/><UN n0="%73%61%6E%67%6F%64%64%6F" n1="%E6%98%9F%E9%99%8D%E3%82%8B%E8%A1%97" n2="%42%49%47%42%4F%53%53" n3="%E3%81%A7%E3%82%93%E3%81%A4%E3%81%86" dan="16,18,16,16" rate="2185.26,2210.77,2133.98,2177.03" sx="M,F,M,M"/><TAIKYOKU oya="0"/><INIT seed="0,0,0,2,2,55" ten="250,250,250,250" oya="0" hai0="53,57,133,26,21,10,126,42,82,24,63,1,39" hai1="111,103,27,12,105,7,45,99,69,8,19,77,17" hai2="48,94,6,88,132,90,86,116,98,49,54,106,73" hai3="110,123,20,64,78,97,41,67,100,14,80,128,115"/><T74/><D133/><U122/><E122/><V93/><F73/><W71/><G115/><T65/><D126/><U11/><E111/><V28/><F132/><W38/><G110/><T92/><D39/><U107/><E69/><V36/><F36/><W101/><G128/><T35/><D42/><U75/><E45/><V32/><F116/><W66/><G123/><T130/><D130/><U9/><E107/><V25/><F6/><W85/><G71/><T22/><D92/><U79/><E75/><V3/><F3/><W52/><G41/><T113/><D113/><U104/><E104/><V134/><F134/><W95/><G38/><T62/><D1/><U96/><E7/><V68/><F68/><W112/><G112/><T30/><D10/><N who="1" m="6295" /><E105/><V120/><F120/><W34/><G34/><T135/><D135/><U131/><E131/><V59/><REACH who="2" step="1"/><F106/><REACH who="2" ten="250,250,240,250" step="2"/><W16/><G101/><T76/><REACH who="0" step="1"/><D26/><REACH who="0" ten="240,250,240,250" step="2"/><U127/><E127/><V44/><F44/><W81/><G81/><T114/><D114/><U51/><E103/><V83/><F83/><BYE who="2" /><W118/><G118/><T89/><D89/><U23/><E79/><V119/><F119/><W40/><G40/><T58/><AGARI ba="0,2" hai="21,22,24,30,35,53,57,58,62,63,65,74,76,82" machi="58" ten="20,18000,2" yaku="1,1,0,1,7,1,52,2,53,1" doraHai="55" doraHaiUra="29" who="0" fromWho="0" sc="240,200,250,-60,240,-60,250,-60" /><UN n2="%42%49%47%42%4F%53%53" /><INIT seed="0,1,0,4,2,75" ten="440,190,180,190" oya="0" hai0="61,101,17,105,124,1,25,87,57,9,12,67,5" hai1="115,39,41,42,112,134,69,130,117,46,71,18,49" hai2="65,94,97,76,107,19,62,127,113,7,95,111,119" hai3="74,32,28,24,72,126,20,93,91,98,70,128,33"/><T45/><D124/><U84/><E18/><V104/><F113/><N who="1" m="43593" /><E84/><V16/><F127/><W120/><G70/><N who="1" m="26634" /><E117/><V48/><F7/><W6/><G126/><T22/><D45/><N who="1" m="23743" /><E134/><V77/><F119/><W129/><G120/><T80/><D101/><U2/><E2/><V54/><F104/><W11/><G74/><T40/><D105/><U55/><E55/><V118/><F107/><W10/><G72/><T132/><D132/><U26/><E26/><V122/><F122/><W34/><REACH who="3" step="1"/><G11/><REACH who="3" ten="440,190,180,180" step="2"/><T81/><D40/><U37/><E130/><V64/><F118/><W30/><G30/><T44/><D44/><U133/><E133/><V47/><F47/><W38/><G38/><AGARI ba="1,1" hai="37,38,42,46,49" m="23743,26634,43593" machi="38" ten="30,3900,0" yaku="11,1,34,2" doraHai="75" who="1" fromWho="3" sc="440,0,190,52,180,0,180,-42" /><INIT seed="1,0,0,1,1,21" ten="440,242,180,138" oya="1" hai0="89,28,20,118,69,40,66,46,102,41,73,18,59" hai1="92,35,11,54,37,83,81,10,133,64,6,67,121" hai2="29,56,70,12,80,101,117,127,2,123,95,53,17" hai3="3,110,57,85,42,63,86,34,39,50,51,106,103"/><U91/><E35/><V108/><F70/><W45/><G110/><T61/><D118/><U4/><E37/><V115/><F2/><W132/><G3/><T79/><D102/><U105/><E105/><V33/><F123/><W128/><G34/><T71/><D28/><U98/><E121/><V60/><F117/><W7/><G7/><N who="1" m="2602" /><E54/><V75/><F108/><W47/><G132/><T114/><D114/><U94/><E133/><V100/><F127/><W43/><G128/><T130/><D130/><U134/><E134/><V36/><F36/><W88/><G39/><T107/><D107/><U0/><E0/><V104/><F104/><W5/><G5/><T77/><D89/><U1/><E1/><V14/><F115/><W65/><REACH who="3" step="1"/><G88/><REACH who="3" ten="440,242,180,128" step="2"/><T15/><D79/><U9/><E94/><V31/><F95/><W78/><G78/><T44/><D77/><U109/><E109/><V30/><F33/><W87/><G87/><T84/><D84/><N who="1" m="50591" /><E81/><V32/><F32/><W99/><AGARI ba="0,1" hai="42,43,45,47,50,51,57,63,65,85,86,99,103,106" machi="99" ten="30,4000,0" yaku="1,1,0,1,9,1,53,0" doraHai="21" doraHaiUra="126" who="3" fromWho="3" sc="440,-10,242,-20,180,-10,128,50" /><INIT seed="2,0,0,4,2,19" ten="430,222,170,178" oya="2" hai0="127,118,60,30,75,49,20,107,105,131,2,95,129" hai1="96,63,14,121,116,87,29,79,94,46,59,78,85" hai2="41,18,110,76,71,54,123,77,33,28,125,12,124" hai3="81,32,11,132,7,43,9,34,109,93,113,4,26"/><V36/><F71/><W106/><G106/><T101/><D75/><U35/><E116/><V119/><F123/><W3/><G43/><T120/><D2/><U91/><E121/><V47/><F119/><W22/><G93/><T70/><D120/><U92/><E46/><V10/><F110/><W99/><G99/><N who="0" m="59647" /><D118/><U17/><E29/><V15/><F54/><W65/><G81/><T58/><D70/><U38/><E35/><N who="3" m="13354" /><G65/><T103/><D49/><U57/><E38/><V111/><F111/><W67/><G67/><T104/><D127/><N who="2" m="48714" /><F12/><N who="3" m="5159" /><G132/><T135/><D135/><U1/><E1/><V55/><F55/><W84/><G84/><N who="1" m="32330" /><E92/><V5/><F77/><N who="1" m="29193" /><E63/><V89/><F76/><W40/><G40/><T128/><D103/><U68/><E68/><V39/><F39/><W48/><G48/><T74/><D74/><U42/><E42/><V24/><F89/><W130/><G109/><T102/><D102/><U90/><E90/><V0/><F0/><W27/><G113/><T6/><D107/><U97/><E97/><V133/><F133/><W72/><G72/><T21/><D105/><U122/><E122/><V44/><F44/><W25/><G130/><T56/><D104/><U83/><E83/><V112/><F112/><W8/><G8/><AGARI ba="0,0" hai="8,14,17,57,59,91,94,96" m="29193,32330" machi="8" ten="30,1000,0" yaku="8,1" doraHai="19" who="1" fromWho="3" sc="430,0,222,10,170,0,178,-10" /><INIT seed="3,0,0,4,3,114" ten="430,232,170,168" oya="3" hai0="129,77,8,112,51,2,97,116,26,117,91,113,41" hai1="127,121,95,37,126,94,45,34,130,23,17,49,72" hai2="110,122,125,128,12,108,109,69,106,9,87,31,32" hai3="81,75,82,66,115,61,16,28,133,119,20,21,131"/><W104/><G115/><N who="0" m="44107" /><D77/><U42/><E72/><V64/><F106/><W33/><G104/><T124/><D129/><U25/><E121/><V27/><F64/><W73/><G119/><N who="0" m="45643" /><D26/><U105/><E105/><V76/><F76/><W79/><G133/><T6/><D124/><N who="1" m="47659" /><E130/><V59/><F27/><W102/><G102/><T107/><D107/><U19/><E34/><V68/><F32/><W3/><G3/><T54/><D41/><U86/><E37/><V10/><F128/><W7/><G131/><T39/><D39/><U30/><E95/><V120/><F125/><W15/><G81/><T111/><D111/><U35/><E35/><V38/><F38/><W96/><G33/><T57/><D91/><AGARI ba="0,0" hai="17,19,23,25,30,42,45,49,86,91,94" m="47659" machi="91" ten="30,1000,0" yaku="18,1" doraHai="114" who="1" fromWho="0" sc="430,-10,232,10,170,0,168,0" /><INIT seed="4,0,0,3,3,81" ten="420,242,170,168" oya="0" hai0="132,37,23,94,48,116,84,16,124,130,126,67,110" hai1="8,62,12,2,71,70,35,55,128,53,13,20,1" hai2="6,9,101,93,33,66,63,32,134,125,28,117,49" hai3="75,85,21,18,88,17,129,79,123,118,57,121,50"/><T112/><D116/><U99/><E35/><V89/><F117/><W19/><G118/><T38/><D67/><U87/><E87/><V31/><F125/><N who="0" m="48234" /><D112/><U68/><E99/><V46/><F101/><W73/><G129/><T0/><D0/><U122/><E122/><N who="3" m="46602" /><G79/><T102/><D130/><U90/><E90/><V15/><F134/><W131/><G131/><T42/><D132/><U86/><E128/><V29/><F49/><W3/><G3/><T7/><D7/><U72/><E72/><N who="3" m="27722" /><G57/><T40/><D102/><U100/><E100/><V65/><F46/><W108/><G50/><T56/><D110/><U14/><E86/><V51/><F51/><W52/><G52/><N who="0" m="31751" /><D38/><U44/><E1/><V98/><REACH who="2" step="1"/><F66/><REACH who="2" ten="420,242,160,168" step="2"/><W103/><G108/><T25/><D37/><U4/><E44/><V39/><F39/><W119/><G119/><T47/><D47/><U78/><E62/><V114/><F114/><W5/><G103/><T30/><D30/><U34/><E55/><V91/><F91/><AGARI ba="0,1" hai="16,23,25,40,42,84,91,94" m="31751,48234" machi="91" ten="30,11600,0" yaku="18,1,52,1,54,2" doraHai="81" who="0" fromWho="2" sc="420,126,242,0,160,-116,168,0" /><INIT seed="4,1,0,3,4,31" ten="546,242,44,168" oya="0" hai0="86,93,82,29,54,22,113,76,21,109,19,128,95" hai1="74,61,59,104,123,101,78,39,17,34,60,40,4" hai2="115,69,48,52,85,42,80,70,116,135,124,12,120" hai3="89,44,11,87,97,35,67,131,26,72,55,90,91"/><T53/><D113/><U125/><E123/><V107/><F116/><W46/><G72/><T9/><D128/><U24/><E125/><V58/><F120/><W36/><G131/><T16/><D109/><U65/><E4/><V75/><F115/><W114/><G114/><T77/><D29/><U106/><E60/><V20/><F124/><W73/><G73/><T81/><D9/><U45/><E101/><V132/><F107/><W8/><G67/><T63/><D63/><U118/><E118/><V83/><F42/><W96/><G87/><AGARI ba="1,0" hai="16,19,21,22,53,54,76,77,81,82,86,87,93,95" machi="87" ten="25,9600,0" yaku="22,2,8,1,54,1" doraHai="31" who="0" fromWho="3" sc="546,99,242,0,44,0,168,-99" /><INIT seed="4,2,0,5,2,133" ten="645,242,44,69" oya="0" hai0="108,119,87,83,17,16,29,131,73,107,91,109,12" hai1="52,98,15,35,39,80,60,46,25,124,76,129,106" hai2="121,120,56,114,65,18,72,4,94,126,69,117,135" hai3="96,6,111,71,54,101,122,34,128,37,125,13,62"/><T113/><D119/><U79/><E129/><V30/><F56/><W50/><G37/><T58/><D131/><U99/><E15/><V5/><F94/><W32/><G111/><T110/><D113/><U89/><E106/><V43/><F18/><W63/><G128/><T130/><D130/><U78/><E35/><V97/><F97/><W27/><G122/><T118/><D118/><U3/><E3/><V116/><F65/><W22/><G125/><T10/><D107/><U23/><E124/><V66/><F66/><W8/><G71/><T7/><D73/><U77/><E39/><V45/><F69/><W24/><G34/><T115/><D115/><U104/><E104/><V132/><F114/><W95/><G32/><T123/><D123/><U90/><E99/><V20/><F72/><W103/><G103/><T127/><D29/><N who="1" m="17599" /><E98/><V85/><F126/><W21/><G21/><T75/><D127/><U49/><E60/><V48/><F20/><W112/><G112/><T102/><D102/><U84/><AGARI ba="2,0" hai="46,49,52,76,77,78,79,80,84,89,90" m="17599" machi="84" ten="30,2000,0" yaku="8,1,54,1" doraHai="133" who="1" fromWho="1" sc="645,-12,242,26,44,-7,69,-7" /><INIT seed="5,0,0,4,4,48" ten="633,268,37,62" oya="1" hai0="82,135,44,128,132,112,117,61,15,8,23,20,45" hai1="85,71,96,59,74,60,69,35,91,130,27,98,24" hai2="62,123,113,51,53,28,68,18,105,83,111,122,104" hai3="43,121,87,31,38,133,1,92,100,9,108,40,73"/><U49/><E74/><V97/><F111/><W19/><G73/><T64/><D117/><U56/><E35/><V3/><F3/><W129/><G108/><T25/><D82/><U88/><E49/><V119/><F119/><W76/><G31/><N who="0" m="17831" /><D23/><U67/><E85/><V81/><F28/><W66/><G66/><T29/><D29/><U120/><E60/><V30/><F30/><W14/><G1/><T47/><D112/><U124/><E67/><V99/><F62/><W17/><G133/><N who="0" m="51275" /><D128/><U86/><E86/><V41/><F83/><W57/><G38/><T93/><D93/><U6/><E6/><V33/><F81/><W131/><G76/><T54/><D54/><U16/><E124/><V101/><F33/><W78/><G78/><T126/><D126/><U32/><E32/><V102/><F113/><W116/><G116/><T5/><D45/><U42/><E42/><V89/><F41/><W58/><G43/><T46/><D46/><U84/><E84/><V36/><F123/><W107/><G40/><T37/><D37/><U106/><E106/><V26/><F36/><W11/><G107/><T50/><D50/><U63/><E63/><V22/><F122/><W2/><G121/><T75/><D75/><U103/><E120/><V52/><F68/><AGARI ba="0,0" hai="5,8,15,44,47,61,64,68" m="51275,17831" machi="68" ten="30,1000,0" yaku="20,1" doraHai="48" who="0" fromWho="2" sc="633,10,268,0,37,-10,62,0" /><INIT seed="6,0,0,3,5,95" ten="643,268,27,62" oya="2" hai0="70,4,24,67,23,123,39,50,26,25,40,5,6" hai1="3,129,124,100,120,35,77,104,51,28,92,96,121" hai2="108,11,13,19,113,21,126,133,20,98,68,99,101" hai3="58,52,36,48,112,55,53,46,127,78,72,22,18"/><V66/><F113/><W131/><G112/><T69/><D39/><U135/><E3/><V41/><F108/><W31/><G131/><T44/><D123/><U125/><E135/><V103/><F133/><W79/><G127/><N who="1" m="48714" /><E129/><V119/><F119/><W57/><G36/><T30/><D67/><U9/><E77/><N who="3" m="29194" /><G31/><T59/><D59/><N who="3" m="22537" /><G72/><T91/><D91/><U110/><E110/><V81/><F126/><W73/><G73/><T97/><D97/><N who="2" m="36874" /><F68/><W47/><G48/><T60/><D60/><U82/><E104/><V27/><F66/><W122/><G122/><T87/><D87/><U62/><E62/><V93/><F93/><W74/><G74/><T118/><D118/><U42/><E92/><V128/><F128/><W88/><G88/><T38/><D38/><U83/><E121/><V29/><F41/><W89/><G89/><T45/><D70/><U33/><E120/><V64/><F64/><W7/><G7/><T49/><D69/><U16/><E35/><V10/><F81/><W56/><N who="3" m="22545" /><W111/><DORA hai="34" /><G111/><T32/><D32/><U116/><E83/><V17/><F10/><W114/><G114/><T90/><D90/><U15/><E82/><V94/><F94/><W43/><G43/><AGARI ba="0,0" hai="4,5,6,23,24,25,26,30,40,43,44,45,49,50" machi="43" ten="40,2600,0" yaku="9,1,8,1" doraHai="95,34" who="0" fromWho="3" sc="643,26,268,0,27,0,62,-26" /><INIT seed="7,0,0,2,1,104" ten="669,268,27,36" oya="3" hai0="59,52,97,62,15,103,129,127,64,86,16,123,81" hai1="92,121,51,36,120,18,83,43,128,56,69,95,54" hai2="65,14,0,2,20,91,19,25,124,42,114,117,107" hai3="96,125,135,6,66,49,45,32,12,90,7,30,115"/><W72/><G72/><T122/><D127/><U39/><E18/><V70/><F117/><W68/><G125/><T8/><D129/><U27/><E27/><V108/><F108/><W111/><G111/><T3/><D3/><U57/><E83/><V55/><F124/><W118/><G118/><T23/><D8/><U67/><E95/><V133/><F42/><W130/><G135/><T37/><D37/><U76/><E92/><V106/><F133/><W53/><G115/><T113/><D113/><U112/><E120/><V46/><F114/><W71/><G130/><T28/><D28/><U87/><E87/><V79/><F79/><W5/><G66/><T40/><D40/><U22/><E76/><V34/><F106/><W132/><G132/><T9/><D9/><U61/><E22/><V80/><F107/><W75/><G75/><T134/><D134/><U60/><E121/><V73/><F65/><W99/><G12/><T74/><D74/><U93/><E93/><V33/><F70/><W94/><REACH who="3" step="1"/><G96/><REACH who="3" ten="669,268,27,26" step="2"/><T100/><D97/><U41/><E128/><V1/><F73/><W85/><G85/><T13/><D123/><U47/><E112/><V29/><F14/><W88/><G88/><N who="0" m="51279" /><D122/><U63/><E69/><V110/><F110/><W48/><G48/><N who="0" m="31111" /><D13/><U35/><E36/><V26/><F0/><W11/><G11/><T126/><D126/><U98/><E98/><V82/><F91/><W44/><G44/><T78/><D78/><U101/><E39/><V77/><F77/><W4/><N who="3" m="1024" /><DORA hai="17" /><W105/><G105/><T84/><D84/><U58/><E67/><RYUUKYOKU ba="0,1" sc="669,15,268,-15,27,-15,26,15" hai0="15,16,23,62,64,100,103" hai3="30,32,45,49,53,68,71,90,94,99" /><INIT seed="7,1,1,5,5,15" ten="684,253,12,41" oya="3" hai0="85,20,107,28,106,82,65,42,132,73,16,9,48" hai1="30,120,108,61,99,122,43,41,98,1,39,69,97" hai2="89,124,70,23,113,47,115,38,68,100,109,22,81" hai3="79,84,11,33,121,45,112,78,37,66,90,83,116"/><W117/><G33/><T64/><D73/><U127/><E1/><V18/><F109/><W75/><G66/><T4/><D107/><U77/><E108/><V135/><F124/><W27/><G121/><T131/><D106/><U19/><E77/><V7/><F135/><W101/><G112/><N who="2" m="43081" /><F7/><W46/><G101/><T12/><D28/><U3/><E3/><V17/><F100/><W59/><G59/><T87/><D131/><U52/><E30/><V134/><F134/><W80/><G27/><N who="0" m="14727" /><D132/><U31/><E31/><V96/><F23/><W105/><G105/><T56/><D85/><U26/><E39/><V34/><F34/><W62/><G62/><T58/><D58/><U71/><E127/><V118/><F118/><W125/><G125/><T40/><D56/><N who="1" m="34951" /><E69/><N who="2" m="26731" /><F22/><W50/><G11/><T10/><D10/><U128/><E19/><N who="2" m="7179" /><F81/><W72/><G37/><T86/><D86/><U119/><E71/><V133/><F133/><W110/><G110/><T104/><D104/><U114/><E119/><V29/><F29/><W60/><G60/><T5/><D5/><U103/><E103/><V53/><F38/><W32/><G32/><T91/><D64/><U126/><E126/><V102/><F89/><W0/><G0/><T8/><D65/><U54/><E120/><V55/><F47/><W129/><G129/><T14/><D9/><U74/><E128/><V36/><F36/><W95/><G45/><N who="0" m="25639" /><D14/><U2/><E122/><V35/><F35/><W111/><G111/><T67/><D67/><U49/><E2/><V93/><AGARI ba="1,1" hai="53,55,93,96,102" m="7179,26731,43081" machi="93" ten="40,8000,1" yaku="15,1,52,3" doraHai="15" who="2" fromWho="2" sc="684,-21,253,-21,12,93,41,-41" owari="663,76.0,232,3.0,105,-29.0,0,-50.0" /></mjloggm>