<mjloggm ver="2.3"><GO type="169" lobby="0"/><UN n0="%E8%9E%8D" n1="%E3%81%A7%E3%82%93%E3%81%A4%E3%81%86" n2="%6B%61%73%70%61%72" n3="%41%4D%41%4C%49%41" dan="18,16,16,16" rate="2222.74,2171.03,2090.95,2027.35" sx="M,M,M,M"/><TAIKYOKU oya="0"/><INIT seed="0,0,0,4,3,121" ten="250,250,250,250" oya="0" hai0="94,96,22,100,68,115,129,31,13,62,67,130,9" hai1="63,51,122,21,116,14,18,112,6,105,102,49,56" hai2="16,39,81,11,134,12,98,124,43,99,36,107,17" hai3="64,110,33,113,53,133,26,135,77,119,106,35,10"/><T109/><D115/><U40/><E116/><V78/><F124/><W60/><G113/><T87/><D87/><U5/><E122/><V84/><F134/><W25/><G119/><T69/><D69/><U71/><E71/><V114/><F114/><W2/><G53/><T3/><D3/><U46/><E112/><V103/><F43/><W61/><G77/><T97/><D109/><U37/><E102/><V29/><F29/><W101/><G10/><T128/><D31/><U15/><E105/><V111/><F111/><W126/><G126/><T42/><D42/><U0/><E0/><V76/><F76/><W7/><G7/><T52/><D22/><U79/><E79/><V73/><F73/><W20/><G2/><T132/><D132/><U4/><REACH who="1" step="1"/><E15/><REACH who="1" ten="250,240,250,250" step="2"/><V59/><F107/><W93/><G106/><T75/><D75/><U117/><E117/><V47/><F103/><W83/><G101/><T127/><D127/><U44/><E44/><V45/><F45/><W57/><G135/><T41/><D41/><U50/><E50/><V118/><F47/><W54/><G133/><T90/><D100/><U92/><E92/><V125/><F125/><W34/><G93/><T32/><D94/><U70/><E70/><V85/><F118/><W74/><G83/><T91/><D91/><U104/><E104/><V55/><F81/><W19/><G74/><T66/><D90/><U48/><E48/><N who="2" m="31207" /><F78/><W8/><G57/><N who="0" m="35111" /><D68/><U120/><E120/><V23/><F39/><W80/><G80/><T123/><D123/><U95/><E95/><V82/><F36/><W108/><G108/><RYUUKYOKU ba="0,1" sc="250,-10,240,30,250,-10,250,-10" hai1="4,5,6,14,18,21,37,40,46,49,51,56,63" /><INIT seed="1,1,1,1,3,22" ten="240,270,240,240" oya="1" hai0="36,54,95,76,60,29,89,68,49,45,3,27,84" hai1="130,55,21,70,4,66,90,40,116,119,120,78,19" hai2="61,39,80,65,58,111,52,81,30,114,133,106,124" hai3="11,128,43,62,118,13,34,35,83,91,28,10,99"/><U23/><E120/><V42/><F111/><W92/><G128/><T46/><D3/><U37/><E130/><V15/><F106/><W71/><G118/><T126/><D126/><U104/><E104/><V77/><F124/><W94/><G11/><T53/><D68/><U1/><E78/><V63/><F133/><W86/><G43/><T82/><D36/><U121/><E121/><V98/><F114/><W123/><G123/><T25/><D29/><U112/><E112/><V97/><F30/><W51/><G51/><N who="0" m="28911" /><D60/><U102/><E102/><V50/><F80/><W75/><G75/><T7/><D7/><U57/><E66/><V132/><F132/><W105/><G105/><T41/><D41/><U110/><E70/><V20/><F61/><W69/><G35/><T31/><D31/><U127/><E110/><V122/><F122/><W107/><G62/><T67/><D67/><U12/><E127/><V131/><F131/><W134/><G134/><T56/><D56/><U64/><E64/><V0/><F0/><W115/><G115/><T117/><D117/><U6/><E40/><V16/><F39/><W101/><G107/><T113/><D113/><U85/><E37/><V72/><F42/><W108/><G108/><T129/><D129/><U33/><E33/><V74/><F74/><W103/><G28/><T48/><D48/><N who="1" m="30951" /><E1/><V135/><F135/><W96/><REACH who="3" step="1"/><G34/><REACH who="3" ten="240,270,240,230" step="2"/><T14/><D14/><N who="1" m="9463" /><E119/><V47/><AGARI ba="1,2" hai="15,16,20,47,50,52,58,63,65,72,77,81,97,98" machi="47" ten="20,5200,0" yaku="0,1,7,1,54,2" doraHai="22" who="2" fromWho="2" sc="240,-14,270,-27,240,75,230,-14" /><INIT seed="2,0,0,0,3,124" ten="226,243,315,216" oya="2" hai0="91,65,11,6,132,104,7,5,77,53,52,134,90" hai1="45,128,110,74,62,98,3,58,28,82,61,118,130" hai2="73,42,103,60,119,39,40,27,4,15,49,112,19" hai3="22,122,26,20,79,113,33,94,36,80,89,43,34"/><V24/><F119/><W81/><G122/><T109/><D104/><U30/><E118/><V35/><F73/><W115/><G36/><T72/><D65/><U8/><E110/><V102/><F39/><W9/><G43/><T100/><D109/><U23/><E45/><V71/><F35/><W96/><G9/><T29/><D100/><U83/><E98/><V131/><F4/><W75/><G81/><T16/><D29/><U44/><E44/><V68/><F60/><W21/><REACH who="3" step="1"/><G26/><REACH who="3" ten="226,243,315,206" step="2"/><T31/><D11/><U87/><E8/><V116/><F27/><W88/><G88/><T97/><D91/><U92/><E83/><V99/><F24/><W84/><G84/><T38/><D38/><U56/><E74/><V78/><F116/><W50/><G50/><T17/><D77/><U1/><E82/><V86/><F49/><W127/><G127/><T14/><D72/><U63/><E87/><V41/><F86/><W47/><G47/><T111/><D111/><U126/><E126/><V105/><F78/><W93/><G93/><N who="0" m="56503" /><D14/><U133/><E92/><V48/><F48/><W12/><G12/><T59/><D6/><U10/><E10/><V101/><F15/><W69/><G69/><T123/><D5/><U64/><E62/><V13/><F71/><W67/><G67/><T129/><D7/><U0/><E0/><V85/><F68/><W18/><G18/><T125/><D17/><U117/><E64/><V114/><F85/><W57/><G57/><T70/><D70/><U107/><E117/><V51/><F51/><W55/><G55/><T108/><D125/><RYUUKYOKU ba="0,1" sc="226,-10,243,-10,315,-10,206,30" hai3="20,21,22,33,34,75,79,80,89,94,96,113,115" /><INIT seed="3,1,1,0,0,6" ten="216,233,305,236" oya="3" hai0="85,71,128,124,87,122,56,35,61,66,5,55,83" hai1="24,104,10,93,42,121,125,60,57,110,84,114,82" hai2="51,111,86,9,64,103,117,7,94,131,30,16,41" hai3="37,32,8,69,74,0,102,132,88,46,20,134,81"/><W26/><G32/><T58/><D122/><U13/><E104/><V99/><F117/><W70/><G102/><T133/><D35/><U113/><E121/><V95/><F111/><W31/><G74/><T23/><D133/><N who="3" m="51305" /><G37/><T38/><D38/><U92/><E110/><V28/><F131/><W52/><G0/><T79/><D128/><U77/><E125/><V105/><F64/><W21/><G21/><T62/><D124/><U118/><E118/><V68/><F68/><W48/><G8/><T33/><D33/><U49/><E24/><V18/><F105/><W4/><G4/><T106/><D106/><U108/><E108/><V29/><F7/><W59/><G59/><T97/><D71/><U120/><E120/><V11/><F11/><W50/><G50/><T119/><D119/><U40/><E114/><V135/><F9/><W19/><G31/><T43/><D5/><N who="1" m="3279" /><E113/><V54/><F135/><W67/><G67/><T109/><D109/><U75/><E75/><V63/><F63/><W91/><G91/><T98/><D23/><U27/><E27/><V2/><F2/><W100/><G100/><T126/><D126/><U22/><E22/><V45/><F41/><N who="1" m="15977" /><E49/><V80/><REACH who="2" step="1"/><F95/><REACH who="2" ten="216,233,295,236" step="2"/><W15/><G15/><T36/><D43/><U107/><E107/><V116/><F116/><W112/><G112/><T53/><D36/><U96/><E96/><V12/><F12/><W127/><G127/><T47/><D98/><U65/><AGARI ba="1,2" hai="57,60,65,77,82,84,92,93" m="15977,3279" machi="65" ten="30,2000,0" yaku="8,1,52,1" doraHai="6" who="1" fromWho="1" sc="216,-6,233,43,295,-6,236,-11" /><INIT seed="4,0,0,3,3,48" ten="210,276,289,225" oya="0" hai0="74,90,57,113,101,111,77,86,130,33,66,4,9" hai1="20,6,36,53,99,119,7,129,55,125,85,112,87" hai2="11,61,100,45,72,41,94,75,83,12,116,95,84" hai3="109,98,2,118,88,14,92,49,60,123,42,105,0"/><T81/><D113/><U29/><E36/><V114/><F114/><W110/><G118/><T54/><D130/><U78/><E119/><V104/><F116/><W79/><G105/><T40/><D111/><N who="3" m="42505" /><G123/><T121/><D121/><U126/><E112/><V51/><F75/><W120/><G120/><T26/><D40/><U38/><E38/><V69/><F72/><W21/><G79/><T103/><D66/><U122/><E122/><V63/><F104/><W76/><G60/><N who="2" m="23113" /><F100/><W80/><G14/><T65/><D65/><U117/><E117/><V52/><F69/><W102/><G21/><T5/><D26/><N who="1" m="16583" /><E99/><V35/><F35/><W128/><G102/><T32/><D103/><U22/><E22/><V58/><F58/><W1/><G128/><T134/><D101/><U19/><E19/><N who="2" m="8607" /><F41/><W44/><G0/><T135/><D32/><U62/><E62/><V124/><F124/><W16/><G16/><T15/><D5/><N who="1" m="1547" /><E129/><V93/><F93/><W27/><G27/><T82/><REACH who="0" step="1"/><D33/><REACH who="0" ten="200,276,289,225" step="2"/><U17/><E126/><V59/><F59/><W3/><G3/><T39/><D39/><U132/><E125/><V30/><F30/><W31/><G31/><T24/><D24/><U133/><E17/><V108/><F108/><W25/><G25/><T127/><D127/><U97/><E133/><V50/><F50/><AGARI ba="0,1" hai="4,9,15,50,54,57,74,77,81,82,86,90,134,135" machi="50" ten="40,3900,0" yaku="1,1,52,1,53,0" doraHai="48" doraHaiUra="70" who="0" fromWho="2" sc="200,49,276,0,289,-39,225,0" /><INIT seed="4,1,0,4,4,128" ten="249,276,250,225" oya="0" hai0="70,103,32,47,45,127,8,2,106,119,11,98,63" hai1="53,29,15,61,3,74,22,43,68,33,27,67,66" hai2="28,78,10,90,34,44,73,35,23,85,9,120,123" hai3="108,81,122,83,129,1,105,82,13,40,36,109,24"/><T133/><D119/><U135/><E74/><V84/><F73/><W14/><G1/><T7/><D127/><U20/><E3/><V121/><F44/><W117/><G117/><T102/><D102/><U79/><E79/><V115/><F115/><W42/><G105/><T37/><D133/><U56/><E135/><V97/><F97/><W89/><G129/><T64/><D11/><U41/><E66/><V4/><F23/><W50/><G36/><T92/><D92/><U94/><E94/><V125/><F125/><W12/><G122/><T0/><D0/><U38/><E15/><V95/><F28/><W25/><G89/><T57/><D57/><U118/><E118/><V58/><F4/><W116/><G50/><T51/><D51/><N who="1" m="30783" /><E43/><N who="3" m="16426" /><G116/><T107/><D107/><U6/><E6/><V62/><F35/><W72/><G72/><T113/><D113/><U96/><E96/><V59/><F34/><W71/><G71/><T52/><D52/><U100/><E100/><V77/><F123/><W39/><G39/><T93/><D93/><U30/><E29/><V124/><F124/><W112/><G112/><T88/><D88/><U134/><E134/><V101/><F101/><W91/><G91/><T111/><D111/><AGARI ba="1,0" hai="12,13,14,24,25,81,82,83,108,109,111" m="16426" machi="111" ten="40,2600,0" yaku="28,2" doraHai="128" who="3" fromWho="0" sc="249,-29,276,0,250,0,225,29" /><INIT seed="5,0,0,1,1,118" ten="220,276,250,254" oya="1" hai0="77,133,135,11,26,69,123,7,4,60,5,42,63" hai1="99,128,34,82,76,53,92,112,40,8,32,96,33" hai2="47,44,95,84,74,25,10,15,100,67,51,43,117" hai3="57,131,23,1,55,78,87,52,126,113,90,48,46"/><U81/><E112/><V121/><F74/><W132/><G113/><T103/><D42/><U85/><E128/><V9/><F117/><W70/><G70/><T104/><D11/><U27/><E40/><V2/><F2/><W116/><G116/><T73/><D26/><U13/><E81/><V130/><F130/><W122/><G131/><T17/><D17/><U14/><E53/><V102/><F67/><W127/><G1/><T28/><D28/><U71/><E71/><V31/><F9/><W22/><G122/><T129/><D129/><U89/><E27/><V125/><F121/><W21/><G78/><T114/><D114/><U124/><E124/><V66/><F66/><W37/><G132/><N who="0" m="50763" /><D69/><U30/><E30/><V65/><F65/><W58/><G37/><T83/><D123/><U59/><E59/><V106/><F47/><W29/><G29/><T38/><D38/><U3/><REACH who="1" step="1"/><E99/><AGARI ba="0,0" hai="4,5,7,60,63,73,77,83,99,103,104" m="50763" machi="99" ten="30,1000,0" yaku="20,1" doraHai="118" who="0" fromWho="1" sc="220,10,276,-10,250,0,254,0" /><INIT seed="6,0,0,1,4,10" ten="230,266,250,254" oya="2" hai0="94,89,126,133,28,27,24,58,56,84,4,5,105" hai1="42,75,83,97,130,39,119,0,123,124,68,100,32" hai2="96,17,101,22,108,6,53,36,49,45,25,33,1" hai3="35,104,120,76,106,107,59,102,23,95,80,47,74"/><V57/><F108/><W113/><G35/><T60/><D133/><U81/><RYUUKYOKU type="yao9" ba="0,0" sc="230,0,266,0,250,0,254,0" hai1="0,32,39,42,68,75,81,83,97,100,119,123,124,130" /><INIT seed="6,1,0,1,4,51" ten="230,266,250,254" oya="2" hai0="64,128,30,62,44,96,65,72,29,40,31,88,135" hai1="93,71,20,69,43,61,35,115,14,38,21,109,41" hai2="125,55,90,53,134,32,36,11,102,89,25,110,101" hai3="119,133,86,74,68,104,56,54,8,105,106,23,0"/><V28/><F36/><W2/><G74/><T91/><D72/><U97/><E35/><V19/><F125/><W116/><G68/><T7/><D135/><U131/><E109/><V117/><F117/><W4/><G133/><T113/><D113/><U87/><E115/><V45/><F134/><W77/><G2/><T49/><D128/><U63/><E131/><V15/><F110/><W111/><G111/><T94/><D7/><U99/><E38/><V42/><F90/><W17/><G86/><T76/><D76/><U50/><E87/><V48/><REACH who="2" step="1"/><F89/><REACH who="2" ten="230,266,240,254" step="2"/><W47/><G77/><T66/><REACH who="0" step="1"/><D91/><REACH who="0" ten="220,266,240,254" step="2"/><U1/><E99/><V85/><F85/><W92/><G119/><T39/><D39/><U60/><E97/><V27/><F27/><W37/><G116/><T70/><AGARI ba="1,2" hai="29,30,31,40,44,49,62,64,65,66,70,88,94,96" machi="70" ten="30,4000,0" yaku="1,1,0,1,54,1,53,0" doraHai="51" doraHaiUra="18" who="0" fromWho="0" sc="220,63,266,-11,240,-21,254,-11" /><INIT seed="7,0,0,1,4,129" ten="283,255,219,243" oya="3" hai0="16,124,52,133,110,0,4,83,101,72,65,97,127" hai1="27,92,119,40,118,91,81,74,12,15,88,103,67" hai2="115,87,49,84,93,102,96,17,54,42,130,79,114" hai3="36,125,50,82,9,2,94,132,18,35,57,60,98"/><W123/><G132/><T51/><D133/><U22/><E67/><V13/><F130/><W69/><G123/><T104/><D110/><U48/><E103/><V56/><F42/><W78/><G36/><T107/><D65/><U3/><E3/><V120/><F120/><W131/><G131/><T95/><D16/><N who="1" m="12743" /><E74/><V122/><F122/><W7/><G125/><N who="0" m="48203" /><D72/><U31/><E31/><V106/><F79/><W112/><G112/><N who="2" m="43049" /><F106/><N who="0" m="40490" /><D83/><U99/><E119/><V75/><F75/><W58/><G35/><T19/><D19/><U6/><E6/><V21/><AGARI ba="0,0" hai="13,17,21,49,54,56,84,87,93,96,102" m="43049" machi="21" ten="30,1100,0" yaku="15,1" doraHai="129" who="2" fromWho="2" sc="283,-3,255,-3,219,11,243,-5" /><INIT seed="8,0,0,1,0,69" ten="280,252,230,238" oya="0" hai0="3,130,87,71,74,116,65,72,39,73,57,108,42" hai1="101,133,36,106,86,104,135,50,11,63,77,26,88" hai2="60,84,115,51,126,120,127,114,17,91,81,131,18" hai3="85,20,125,37,100,123,55,32,24,92,78,61,13"/><T40/><D71/><U16/><E36/><V5/><F120/><W49/><G32/><T119/><D130/><U33/><E77/><V6/><F131/><W48/><G37/><T94/><D3/><U89/><E63/><V52/><F60/><W4/><G125/><N who="2" m="47625" /><F18/><W27/><G123/><T66/><D108/><U21/><E33/><V14/><F6/><W23/><G4/><T98/><D87/><U9/><E50/><V96/><F96/><N who="3" m="59399" /><G13/><T75/><D75/><U112/><E112/><N who="2" m="43051" /><F5/><W121/><G121/><T2/><D2/><U107/><E101/><V128/><F128/><W34/><G34/><T102/><D57/><U122/><E122/><V46/><F17/><N who="3" m="12303" /><G55/><T97/><D39/><U15/><E9/><V54/><F14/><W117/><G117/><N who="0" m="45131" /><D97/><U118/><E118/><V64/><F64/><AGARI ba="0,0" hai="40,42,64,65,66,72,73,74,94,98,102" m="45131" machi="64" ten="40,2000,0" yaku="16,1" doraHai="69" who="0" fromWho="2" sc="280,20,252,0,230,-20,238,0" owari="300,40.0,252,5.0,210,-29.0,238,-16.0" /></mjloggm>