<mjloggm ver="2.3"><GO type="169" lobby="0"/><UN n0="%75%79%67%75%79%67%75%69" n1="%E6%B8%85%E5%BC%B5" n2="%30%30%73%61%69" n3="%6D%61%74%6F%74%69%6E" dan="16,17,16,16" rate="2121.70,2177.88,2150.21,2072.51" sx="M,M,M,M"/><TAIKYOKU oya="0"/><INIT seed="0,0,0,3,2,74" ten="250,250,250,250" oya="0" hai0="57,126,75,64,14,119,1,38,114,6,24,34,116" hai1="115,28,73,122,72,107,90,43,89,63,59,102,79" hai2="91,106,99,134,101,104,36,84,8,88,4,100,133" hai3="12,39,25,118,41,110,37,87,83,96,51,117,112"/><T98/><D114/><U69/><E122/><V123/><F36/><W94/><G112/><T95/><D75/><U56/><E115/><V65/><F65/><W77/><G110/><T7/><D38/><U127/><E69/><V120/><F8/><W13/><G118/><T125/><D64/><U124/><E43/><V47/><F4/><N who="0" m="1578" /><D57/><U62/><E28/><V58/><F58/><W93/><G117/><T109/><D1/><U40/><E40/><V11/><F11/><W9/><G25/><T26/><D14/><U46/><E46/><V113/><F113/><W50/><G13/><T85/><D85/><U33/><E33/><V71/><F71/><W103/><G93/><T70/><D70/><U92/><E92/><N who="2" m="56711" /><F47/><N who="3" m="25967" /><G51/><T82/><D109/><U19/><E19/><V5/><F5/><N who="3" m="3119" /><G39/><T23/><D34/><U31/><E56/><V131/><F131/><W49/><G37/><T20/><D20/><U10/><E59/><V48/><F48/><W111/><G49/><T3/><D3/><U29/><E62/><V76/><F120/><W105/><G111/><T68/><D68/><U0/><E0/><V15/><F15/><W128/><G105/><N who="2" m="40553" /><F123/><W16/><G128/><T32/><D32/><U52/><E63/><V54/><F54/><W44/><G44/><T129/><D129/><U121/><E121/><V97/><F133/><W53/><G53/><T81/><D119/><U45/><E52/><V18/><F18/><AGARI ba="0,0" hai="16,18,77,83,87,94,96,103" m="3119,25967" machi="18" ten="30,7700,0" yaku="25,1,8,1,52,1,54,1" doraHai="74" who="3" fromWho="2" sc="250,0,250,0,250,-77,250,77" /><INIT seed="1,0,0,5,1,43" ten="250,250,173,327" oya="1" hai0="66,12,129,50,76,87,38,125,20,86,100,106,7" hai1="6,49,47,45,101,4,33,133,29,113,91,93,75" hai2="84,23,58,117,10,95,19,116,77,71,35,30,118" hai3="5,14,82,97,67,37,105,40,64,119,127,89,107"/><U21/><E113/><V102/><F71/><W44/><G119/><T34/><D38/><U120/><E120/><V98/><F10/><W54/><G127/><T57/><D34/><U132/><E75/><V24/><F58/><W83/><G54/><T9/><D125/><U15/><E33/><V124/><F124/><W39/><G5/><T134/><D134/><N who="1" m="51819" /><E101/><V104/><F77/><W85/><G14/><T17/><D100/><U103/><E103/><V115/><F115/><W111/><G111/><T110/><D106/><U123/><E123/><V131/><F131/><W94/><G39/><T41/><D110/><U52/><E4/><V96/><F84/><W73/><G83/><T3/><D129/><U99/><E6/><V130/><F130/><W28/><G28/><T1/><D1/><U135/><E135/><V27/><REACH who="2" step="1"/><F98/><REACH who="2" ten="250,250,163,327" step="2"/><W55/><G73/><T60/><D76/><U70/><E70/><V56/><F56/><W18/><G97/><T53/><REACH who="0" step="1"/><D41/><REACH who="0" ten="240,250,163,327" step="2"/><U46/><E15/><V16/><F16/><W32/><G18/><T25/><D25/><AGARI ba="0,2" hai="21,25,29,45,46,47,49,52,91,93,99" m="51819" machi="25" ten="30,12000,1" yaku="20,1,52,3,54,1" doraHai="43" who="1" fromWho="0" sc="240,-120,250,140,163,0,327,0" /><INIT seed="1,1,0,5,3,73" ten="120,390,163,327" oya="1" hai0="88,16,124,64,134,67,96,109,5,25,80,102,132" hai1="114,133,103,0,43,99,46,42,69,21,106,10,48" hai2="65,24,7,126,81,128,50,111,36,92,38,3,28" hai3="116,51,14,23,37,95,110,68,83,120,79,87,22"/><U94/><E114/><V122/><F122/><W55/><G120/><T32/><D5/><U100/><E69/><V63/><F111/><W93/><G116/><T74/><D109/><U91/><E133/><N who="0" m="51305" /><D32/><U33/><E33/><V12/><F128/><W117/><G117/><T60/><D124/><U4/><E106/><V47/><F126/><W9/><G110/><T62/><D64/><U15/><E42/><V66/><F3/><W17/><G68/><T19/><D25/><U56/><E56/><V57/><F66/><W123/><G37/><T45/><D45/><U112/><E112/><V35/><F92/><N who="3" m="35403" /><G123/><T20/><D20/><U90/><E90/><V58/><F58/><AGARI ba="1,0" hai="9,14,17,22,23,51,55,58,79,83,87" m="35403" machi="58" ten="30,2000,0" yaku="8,1,52,1" doraHai="73" who="3" fromWho="2" sc="120,0,390,0,163,-23,327,23" /><INIT seed="2,0,0,3,0,117" ten="120,390,140,350" oya="2" hai0="121,130,87,58,4,57,36,99,94,31,82,114,21" hai1="110,51,123,79,44,20,39,122,85,25,77,90,93" hai2="104,23,12,120,81,24,30,100,71,29,98,115,34" hai3="50,6,7,32,8,43,102,41,52,33,124,48,111"/><V10/><F115/><W5/><G111/><T96/><D114/><U106/><E110/><V49/><F71/><W66/><G66/><T92/><D36/><U47/><E106/><V40/><F81/><W70/><G70/><T118/><D118/><U74/><E39/><V56/><F120/><N who="1" m="46121" /><E74/><V108/><F108/><W65/><G65/><T0/><D4/><U11/><E11/><V126/><F126/><W107/><G124/><T26/><D0/><U15/><E15/><V127/><F127/><W42/><G8/><T46/><D46/><N who="1" m="17451" /><E77/><V18/><F40/><W19/><G19/><T113/><D113/><U55/><E79/><V116/><F116/><W125/><G125/><T16/><D31/><N who="1" m="17831" /><E55/><V78/><F78/><W59/><REACH who="3" step="1"/><G50/><AGARI ba="0,0" hai="50,51,85,90,93" m="17831,17451,46121" machi="50" ten="30,7700,0" yaku="13,1,52,3" doraHai="117" who="1" fromWho="3" sc="120,0,390,77,140,0,350,-77" /><INIT seed="3,0,0,2,2,59" ten="120,467,140,273" oya="3" hai0="108,61,129,80,130,29,102,94,96,95,82,107,12" hai1="100,31,16,127,35,18,90,133,131,117,125,118,91" hai2="28,69,77,41,109,57,10,38,128,68,121,93,47" hai3="62,83,134,43,75,114,22,72,30,74,19,99,88"/><W54/><G114/><T17/><D29/><U92/><E133/><V70/><F109/><W42/><G134/><T36/><D36/><U55/><E131/><V33/><F128/><W11/><G11/><T63/><D108/><U32/><E100/><V104/><F104/><W25/><G30/><T49/><D129/><U64/><E31/><V79/><F121/><W97/><G97/><T103/><D130/><U50/><E64/><V66/><F93/><N who="3" m="56743" /><G83/><N who="0" m="31787" /><D107/><U115/><E115/><V24/><REACH who="2" step="1"/><F10/><REACH who="2" ten="120,467,130,273" step="2"/><W76/><G76/><T119/><D119/><N who="1" m="45579" /><E32/><V86/><F86/><W60/><G60/><AGARI ba="0,1" hai="24,28,33,38,41,47,57,60,66,68,69,70,77,79" machi="60" ten="40,5200,0" yaku="1,1,52,1,53,1" doraHai="59" doraHaiUra="52" who="2" fromWho="3" sc="120,0,467,0,130,62,273,-52" /><INIT seed="4,0,0,2,2,113" ten="120,467,192,221" oya="0" hai0="72,9,10,46,67,130,114,22,135,89,18,65,131" hai1="75,64,26,54,31,44,66,98,2,84,33,102,20" hai2="110,15,53,85,82,128,4,121,92,12,11,132,38" hai3="63,24,116,134,3,28,111,71,120,50,17,96,56"/><T55/><D114/><U70/><E2/><V112/><F112/><W100/><G111/><T91/><D72/><U19/><E75/><V81/><F110/><W78/><G71/><T104/><D104/><U109/><E109/><V0/><F121/><W49/><G120/><T42/><D55/><U76/><E76/><V13/><F128/><N who="0" m="49194" /><D135/><U61/><E66/><N who="0" m="25097" /><D10/><U122/><E122/><V68/><F132/><W105/><G134/><T79/><D79/><U83/><E54/><V93/><F68/><W47/><G78/><T125/><D9/><U90/><E44/><V94/><F53/><W45/><G105/><T35/><D35/><U51/><E51/><V40/><F40/><W48/><G47/><T62/><D62/><U59/><E70/><V14/><F38/><W41/><G45/><T107/><D107/><U60/><E60/><V37/><F37/><W123/><G63/><T117/><D125/><U29/><E33/><V8/><REACH who="2" step="1"/><F85/><REACH who="2" ten="120,467,182,221" step="2"/><W99/><G41/><T5/><D5/><AGARI ba="0,1" hai="0,4,5,8,11,12,13,14,15,81,82,92,93,94" machi="5" ten="40,2600,0" yaku="1,1,2,1,53,0" doraHai="113" doraHaiUra="16" who="2" fromWho="0" sc="120,-26,467,0,182,36,221,0" /><INIT seed="5,0,0,1,0,117" ten="94,467,218,221" oya="1" hai0="112,101,127,52,63,58,97,53,17,19,82,4,119" hai1="50,103,83,36,131,20,111,128,77,79,28,110,29" hai2="121,2,61,92,120,114,40,49,133,30,129,59,25" hai3="8,22,87,65,45,7,66,104,27,47,85,9,31"/><U43/><E36/><V34/><F2/><W57/><G104/><T132/><D119/><U62/><E103/><V107/><F107/><W98/><G98/><T55/><D132/><U54/><E43/><V96/><F133/><W33/><G33/><T126/><D112/><U41/><E41/><V109/><F109/><N who="1" m="41481" /><E62/><V134/><F134/><W69/><G69/><T102/><D4/><U21/><E20/><V42/><F114/><W135/><G135/><T76/><D126/><U116/><E116/><V90/><F129/><N who="1" m="49737" /><E21/><V3/><F42/><W26/><G22/><T71/><D71/><U23/><E23/><V105/><F40/><W60/><G60/><T93/><D102/><U67/><E67/><V18/><F49/><W123/><G65/><T91/><D101/><U1/><E1/><V14/><F3/><W68/><G66/><T78/><D127/><U39/><E39/><V125/><F125/><W48/><G68/><T99/><D63/><U35/><E35/><V130/><F130/><W113/><G113/><T51/><D51/><U0/><E0/><V10/><F105/><W72/><G48/><T86/><D58/><N who="1" m="33111" /><E77/><V89/><F89/><W122/><G72/><AGARI ba="0,0" hai="28,29,72,79,83" m="33111,49737,41481" machi="72" ten="30,2900,0" yaku="10,1,19,1" doraHai="117" who="1" fromWho="3" sc="94,0,467,29,218,0,221,-29" /><INIT seed="5,1,0,5,3,102" ten="94,496,218,192" oya="1" hai0="26,7,101,97,78,105,118,3,135,43,124,13,120" hai1="93,103,99,44,82,114,38,77,2,71,117,60,85" hai2="75,129,35,119,51,37,79,29,52,92,106,68,1" hai3="16,49,96,104,67,48,116,41,121,10,57,94,98"/><U130/><E117/><V42/><F119/><W8/><G121/><T76/><D118/><U107/><E114/><V110/><F110/><W30/><G116/><T91/><D120/><U100/><E130/><V95/><F1/><W40/><G104/><T131/><D131/><U81/><E2/><V61/><F129/><W127/><G127/><T50/><D124/><U74/><E38/><V18/><F18/><W25/><G30/><T86/><D135/><U23/><E71/><V66/><F106/><W32/><G32/><T59/><D3/><U122/><E122/><V109/><F109/><W36/><G36/><T84/><D26/><U65/><E65/><V72/><F29/><W54/><G67/><T90/><D84/><U27/><E60/><V69/><F35/><W62/><G62/><T17/><D7/><U55/><E55/><V83/><F72/><W63/><G63/><T134/><D134/><U33/><E33/><V56/><F69/><W12/><G25/><T0/><D0/><U28/><E44/><AGARI ba="1,0" hai="37,42,44,51,52,56,61,66,68,75,79,83,92,95" machi="44" ten="40,5200,0" yaku="24,2,54,1" doraHai="102" who="2" fromWho="1" sc="94,0,496,-55,218,55,192,0" /><INIT seed="6,0,0,3,2,131" ten="94,441,273,192" oya="2" hai0="33,8,14,133,90,86,78,38,11,44,25,119,112" hai1="64,56,82,107,100,94,1,73,45,87,93,66,92" hai2="10,52,85,50,31,95,129,134,96,54,84,59,75" hai3="132,19,103,7,76,29,5,104,13,2,117,109,72"/><V34/><F75/><W58/><G117/><T83/><D112/><U21/><E1/><V39/><F39/><W118/><G118/><T51/><D119/><U37/><E73/><V74/><F74/><W27/><G109/><T24/><D38/><U121/><E121/><V20/><F129/><W65/><G76/><T4/><D33/><U70/><E70/><V62/><F134/><W98/><G72/><T124/><D124/><U71/><E71/><V43/><F34/><W80/><G80/><T68/><D68/><U81/><E107/><V41/><F10/><W69/><G132/><T32/><D32/><U57/><E100/><V102/><F43/><W35/><G58/><T0/><D133/><U115/><E45/><N who="2" m="27727" /><F41/><W110/><G110/><T46/><D46/><U28/><E56/><V123/><F123/><W18/><G2/><T17/><REACH who="0" step="1"/><D78/><REACH who="0" ten="84,441,273,192" step="2"/><U63/><E37/><V99/><F59/><W77/><G77/><T126/><D126/><U22/><E115/><V122/><F122/><W47/><G47/><T55/><AGARI ba="0,1" hai="0,4,8,11,14,17,24,25,44,51,55,83,86,90" machi="55" ten="20,8000,1" yaku="1,1,0,1,7,1,25,2,53,0" doraHai="131" doraHaiUra="130" who="0" fromWho="0" sc="84,90,441,-20,273,-40,192,-20" /><INIT seed="7,0,0,2,0,117" ten="174,421,233,172" oya="3" hai0="106,75,14,87,118,1,110,93,43,95,58,36,16" hai1="59,82,17,111,0,97,107,4,55,81,98,113,91" hai2="89,104,25,12,119,2,31,47,30,9,7,44,64" hai3="38,100,18,94,53,109,27,11,29,105,24,120,114"/><W35/><G38/><T19/><D110/><U67/><E111/><V71/><F89/><W54/><G109/><T127/><D118/><U86/><E113/><V131/><F31/><W77/><G120/><T116/><D127/><U8/><E107/><V48/><F131/><W60/><G114/><T69/><D69/><U50/><E67/><V112/><F48/><W20/><G77/><T96/><D1/><U121/><E121/><V134/><F134/><W61/><G11/><T84/><D75/><U101/><E101/><V5/><F5/><W15/><G15/><T51/><D106/><U28/><E28/><V124/><F119/><W10/><G10/><N who="0" m="6231" /><D36/><U21/><E82/><V102/><F2/><W70/><G94/><T103/><D116/><U76/><E76/><V39/><F39/><W90/><G90/><N who="0" m="55415" /><D19/><U133/><E133/><V13/><F124/><W34/><G34/><T92/><D92/><U46/><E46/><V79/><F79/><W33/><G33/><T74/><D74/><U115/><E115/><V49/><F112/><W32/><G32/><T80/><D80/><U68/><E68/><V57/><F104/><W78/><G78/><T40/><D84/><U26/><AGARI ba="0,0" hai="0,4,8,17,21,26,50,55,59,81,86,91,97,98" machi="26" ten="20,1500,0" yaku="0,1,7,1" doraHai="117" who="1" fromWho="1" sc="174,-4,421,15,233,-4,172,-7" owari="170,-23.0,436,53.0,229,3.0,165,-33.0" /></mjloggm>