<mjloggm ver="2.3"><GO type="169" lobby="0"/><UN n0="%6D%61%74%6F%74%69%6E" n1="%E6%97%85%E9%A4%A8%E5%B1%8B" n2="%E5%B9%B3%E4%BA%95%E3%82%86%E3%81%8B%E3%82%8A" n3="%63%68%6F%6E%6A%69" dan="16,16,16,16" rate="2078.57,2034.13,2103.80,2045.26" sx="M,M,F,M"/><TAIKYOKU oya="0"/><INIT seed="0,0,0,4,1,119" ten="250,250,250,250" oya="0" hai0="128,101,129,30,82,84,5,112,55,43,50,11,95" hai1="34,25,116,108,9,48,41,16,73,99,115,19,70" hai2="62,36,27,97,28,65,74,122,47,77,83,100,131" hai3="92,18,105,21,33,56,52,26,87,17,68,46,40"/><T126/><D112/><U79/><E116/><V113/><F113/><W45/><G68/><T3/><D43/><U76/><E70/><V57/><F131/><N who="0" m="50250" /><D30/><U6/><E108/><V110/><F110/><W117/><G117/><T58/><D126/><U132/><E132/><V14/><F14/><W118/><G118/><T94/><D101/><U13/><E41/><V59/><F122/><W51/><G105/><T127/><D127/><U39/><E34/><V1/><F47/><W4/><G4/><T86/><D86/><U72/><E19/><V89/><F36/><W120/><G120/><T107/><D107/><U24/><E16/><V90/><F1/><W8/><G33/><T7/><D7/><U125/><E6/><V66/><F59/><W103/><G46/><T130/><N who="0" m="50258" /><T31/><DORA hai="71" /><D31/><U38/><E38/><V135/><F66/><W22/><G8/><T91/><AGARI ba="0,0" hai="3,5,11,50,55,58,82,84,91,94,95" m="50258" machi="91" ten="40,2100,0" yaku="19,1" doraHai="119,71" who="0" fromWho="0" sc="250,21,250,-7,250,-7,250,-7" /><INIT seed="0,1,0,5,3,122" ten="271,243,243,243" oya="0" hai0="99,11,72,51,44,36,2,66,125,104,50,116,14" hai1="61,41,92,10,110,126,8,106,55,111,117,58,128" hai2="38,98,3,63,88,112,23,9,120,84,100,103,27" hai3="77,29,34,94,12,16,45,119,68,4,102,32,56"/><T132/><D116/><U60/><E106/><V101/><F112/><W39/><G119/><T7/><D72/><U133/><E117/><V78/><F38/><W28/><G68/><T35/><D132/><U43/><E133/><V89/><F120/><W53/><G4/><T87/><D125/><U69/><E126/><V6/><F63/><W76/><G34/><T19/><D66/><U115/><E115/><V124/><F124/><W123/><G123/><T57/><D57/><N who="1" m="34879" /><E92/><V25/><F98/><N who="3" m="59735" /><G39/><T134/><D134/><U54/><E69/><V0/><F0/><W130/><G130/><T48/><D35/><U30/><E30/><N who="3" m="11882" /><G45/><T13/><D2/><U46/><E46/><V127/><F127/><W62/><G32/><T24/><D24/><U15/><E128/><V113/><F113/><W135/><G135/><T109/><D36/><U26/><E26/><V91/><REACH who="2" step="1"/><F23/><AGARI ba="1,0" hai="12,16,23,53,56,62,76,77" m="11882,59735" machi="23" ten="30,2000,0" yaku="8,1,54,1" doraHai="122" who="3" fromWho="2" sc="271,0,243,0,243,-23,243,23" /><INIT seed="1,0,0,4,2,41" ten="271,243,220,266" oya="1" hai0="90,65,59,96,9,97,101,8,22,86,82,14,50" hai1="107,70,55,64,92,89,3,19,2,35,67,44,110" hai2="42,40,6,62,131,73,38,17,71,99,25,98,24" hai3="46,105,36,11,126,10,106,13,102,34,47,103,83"/><U80/><E107/><V27/><F73/><W100/><G34/><T16/><D96/><U49/><E35/><V7/><F17/><W130/><G36/><T28/><D28/><U52/><E80/><V115/><F131/><W87/><G130/><T128/><D128/><U123/><E123/><V134/><F134/><W26/><G26/><T118/><D118/><U114/><E114/><V116/><F116/><W5/><G126/><T37/><D37/><U133/><E133/><V122/><F122/><W54/><G11/><T72/><D72/><U112/><E112/><V60/><F38/><W125/><G125/><T75/><D75/><U93/><E70/><V63/><F71/><W85/><G85/><T30/><D30/><U32/><E32/><V48/><F115/><W15/><G15/><T113/><D113/><U4/><E19/><V57/><F57/><W66/><G66/><T104/><REACH who="0" step="1"/><D50/><REACH who="0" ten="261,243,220,266" step="2"/><U108/><E49/><V127/><F127/><W78/><G106/><T0/><D0/><U132/><E132/><V88/><F48/><W84/><G105/><T121/><D121/><U91/><E4/><N who="2" m="1579" /><F88/><N who="3" m="51231" /><G54/><T58/><D58/><U77/><E77/><V1/><F1/><W69/><G69/><T20/><D20/><U56/><E56/><V43/><AGARI ba="0,1" hai="24,25,27,40,42,43,60,62,63,98,99" m="1579" machi="43" ten="40,8000,1" yaku="29,2,28,2,8,1" doraHai="41" who="2" fromWho="2" sc="261,-20,243,-40,220,90,266,-20" /><INIT seed="2,0,0,4,2,86" ten="241,203,310,246" oya="2" hai0="126,77,85,35,60,72,105,1,106,28,7,111,69" hai1="83,70,81,73,115,18,123,10,42,117,6,25,89" hai2="121,52,124,21,78,38,119,84,75,57,51,39,56" hai3="34,19,14,97,118,112,58,44,107,41,12,104,27"/><V16/><F119/><W90/><G118/><T92/><D72/><U79/><E117/><V36/><F121/><W98/><G34/><T49/><D111/><U101/><E115/><V91/><F124/><W32/><G112/><T127/><D1/><U55/><E70/><V37/><N who="2" m="9216" /><DORA hai="40" /><V17/><F75/><W128/><G128/><T2/><D2/><U130/><E42/><V26/><F78/><W74/><G74/><T113/><D113/><U23/><E123/><V22/><F57/><W103/><G58/><T88/><D7/><U133/><E133/><V33/><F33/><W24/><G14/><T8/><D8/><U68/><E68/><V47/><F56/><W54/><G54/><T125/><D77/><U99/><E55/><V94/><REACH who="2" step="1"/><F22/><REACH who="2" ten="241,203,300,246" step="2"/><W61/><G32/><T48/><D69/><U50/><E79/><V62/><F62/><W20/><G61/><T134/><D60/><U109/><E73/><V11/><F11/><W65/><G65/><T76/><D76/><U13/><E10/><V59/><F59/><W71/><G71/><T93/><D134/><U67/><E23/><V3/><F3/><W132/><G132/><T5/><D35/><U64/><E64/><V4/><F4/><W122/><G122/><T129/><D5/><U31/><E67/><V95/><F95/><W100/><G107/><N who="0" m="40971" /><D129/><U116/><E6/><V131/><F131/><W87/><G104/><T135/><D135/><U0/><E130/><V114/><F114/><W45/><G20/><T15/><D93/><N who="1" m="56751" /><E0/><V43/><F43/><W80/><G41/><T110/><D127/><RYUUKYOKU ba="0,1" sc="241,-10,203,-10,300,30,246,-10" hai2="16,17,21,26,47,51,52,84,91,94" /><INIT seed="2,1,1,4,1,48" ten="231,193,330,236" oya="2" hai0="86,126,26,79,81,36,73,122,30,72,21,85,46" hai1="96,22,52,113,90,69,130,107,103,68,35,62,87" hai2="92,15,29,28,111,129,76,0,128,54,16,66,106" hai3="12,104,117,45,74,71,8,59,44,42,50,97,99"/><V5/><F106/><W88/><G117/><T60/><D122/><U43/><E113/><V132/><F66/><W115/><G71/><T49/><D36/><U83/><E35/><V105/><F105/><W108/><G74/><T25/><D126/><U20/><E130/><N who="2" m="50283" /><F132/><W57/><G108/><T14/><D14/><U24/><E43/><V110/><F76/><W10/><G115/><T38/><D38/><U34/><E34/><V32/><F92/><N who="3" m="56455" /><G104/><T102/><D102/><U94/><E107/><V77/><F77/><W123/><G123/><T13/><D13/><U31/><REACH who="1" step="1"/><E22/><REACH who="1" ten="231,183,330,236" step="2"/><N who="2" m="11551" /><F32/><W2/><G2/><T40/><D73/><U27/><E27/><V64/><F64/><W61/><G8/><T100/><D26/><U135/><E135/><V3/><F54/><N who="3" m="31959" /><G10/><T91/><D72/><U120/><E120/><V93/><F3/><W109/><G109/><N who="2" m="41481" /><F93/><W67/><G42/><T101/><D40/><U17/><E17/><V11/><AGARI ba="1,2" hai="0,5,11,28,29" m="41481,11551,50283" machi="11" ten="40,18000,2" yaku="19,1,14,1,10,1,34,2,54,1" doraHai="48" who="2" fromWho="2" sc="231,-61,183,-61,330,203,236,-61" /><INIT seed="2,2,0,4,4,44" ten="170,122,533,175" oya="2" hai0="40,13,75,41,61,65,15,24,115,81,116,29,92" hai1="37,129,94,46,57,128,98,132,55,2,84,88,93" hai2="22,51,10,70,101,82,42,17,68,113,90,48,63" hai3="85,49,62,112,64,33,77,4,71,121,67,76,34"/><V102/><F113/><W120/><G112/><T87/><D115/><U78/><E2/><V53/><F10/><W26/><G4/><T119/><D75/><U35/><E132/><V135/><F135/><W3/><G3/><T104/><D104/><U111/><E111/><V133/><F133/><W7/><G7/><T58/><D92/><U130/><E35/><V56/><F68/><W117/><G117/><N who="0" m="45131" /><D40/><U105/><E105/><V8/><F8/><W52/><G67/><T124/><D41/><U32/><E32/><V103/><F70/><W30/><G34/><N who="0" m="20775" /><D124/><U134/><E134/><V73/><F42/><W97/><G97/><T86/><D86/><U107/><E107/><V6/><F6/><W12/><G12/><T89/><AGARI ba="2,0" hai="13,15,58,61,65,81,87,89" m="20775,45131" machi="89" ten="30,1100,0" yaku="12,1" doraHai="44" who="0" fromWho="0" sc="170,17,122,-5,533,-7,175,-5" /><INIT seed="3,0,0,4,1,74" ten="187,117,526,170" oya="3" hai0="40,57,60,50,3,109,11,121,131,78,80,108,83" hai1="48,31,100,47,72,59,75,41,37,130,107,122,39" hai2="128,19,2,28,38,118,25,49,104,97,93,79,115" hai3="95,103,113,112,125,6,132,64,4,92,124,61,127"/><W117/><G132/><T88/><D121/><U29/><E130/><V81/><F38/><W94/><G103/><T45/><D131/><U129/><E129/><V63/><F115/><W22/><G22/><T12/><D3/><U44/><E122/><V133/><F118/><W134/><G134/><T119/><D119/><U56/><E100/><V42/><F104/><W106/><G106/><T16/><D88/><U43/><E107/><V65/><F2/><W126/><N who="3" m="31744" /><DORA hai="82" /><W30/><G30/><T110/><REACH who="0" step="1"/><D78/><REACH who="0" ten="177,117,526,170" step="2"/><U105/><E105/><V135/><F79/><W27/><G117/><T62/><D62/><U70/><REACH who="1" step="1"/><E48/><REACH who="1" ten="177,107,526,170" step="2"/><V89/><F49/><W69/><REACH who="3" step="1"/><G27/><REACH who="3" ten="177,107,526,160" step="2"/><T73/><D73/><U66/><E66/><AGARI ba="0,3" hai="11,12,16,40,45,50,57,60,66,80,83,108,109,110" machi="66" ten="40,5200,0" yaku="1,1,14,1,54,1,53,0" doraHai="74,82" doraHaiUra="85,26" who="0" fromWho="1" sc="177,82,107,-52,526,0,160,0" /><INIT seed="4,0,0,1,0,61" ten="259,55,526,160" oya="0" hai0="112,100,127,20,122,116,47,97,64,115,36,16,66" hai1="129,50,103,29,119,124,44,4,63,23,54,107,28" hai2="49,99,74,118,135,94,78,46,33,14,95,26,45" hai3="7,21,68,13,77,15,132,3,101,12,73,114,48"/><T80/><D122/><U57/><E129/><V85/><F118/><W133/><G68/><T75/><D116/><U67/><E67/><V90/><F135/><N who="3" m="51787" /><G48/><T87/><D75/><U43/><E124/><V104/><F104/><W17/><G101/><T120/><D127/><U109/><E109/><V30/><F14/><N who="3" m="9399" /><G77/><N who="0" m="46479" /><D120/><U98/><E119/><V27/><F27/><W69/><G69/><T51/><D36/><U1/><E23/><V59/><F74/><W62/><G62/><T70/><D70/><U58/><REACH who="1" step="1"/><E57/><REACH who="1" ten="259,45,526,160" step="2"/><V35/><F33/><W108/><G108/><T105/><D47/><U121/><E121/><V110/><F110/><W102/><G73/><T72/><D72/><U117/><E117/><V84/><F59/><W130/><G130/><T40/><D40/><U18/><E18/><V41/><F46/><W89/><G89/><T8/><D8/><AGARI ba="0,1" hai="1,4,8,28,29,43,44,50,54,58,63,98,103,107" machi="8" ten="40,2600,0" yaku="1,1,53,1" doraHai="61" doraHaiUra="0" who="1" fromWho="0" sc="259,-26,45,36,526,0,160,0" /><INIT seed="5,0,0,0,2,59" ten="233,81,526,160" oya="1" hai0="70,75,71,132,99,11,72,3,9,124,40,90,31" hai1="79,113,7,121,16,1,57,46,33,130,48,0,23" hai2="58,102,77,96,64,122,36,60,81,76,10,92,44" hai3="41,123,94,114,30,73,26,86,2,52,88,25,54"/><U37/><E121/><V107/><F122/><W55/><G123/><T42/><D132/><U47/><E33/><V84/><F10/><W110/><G110/><T87/><D124/><U120/><E120/><V106/><F76/><W129/><G2/><T35/><D99/><U6/><E113/><V112/><F112/><W85/><G73/><T38/><D38/><U19/><E79/><V65/><F65/><W20/><G129/><T133/><D133/><U127/><E127/><V104/><F36/><W83/><G41/><T4/><D11/><U134/><E134/><V78/><F78/><N who="3" m="46327" /><G114/><T100/><D100/><U74/><E130/><V135/><F135/><W66/><G66/><T51/><D75/><U17/><E74/><V101/><F44/><N who="1" m="16937" /><E1/><V61/><F61/><W103/><G26/><T80/><D72/><U29/><E0/><V15/><F15/><W32/><G32/><T95/><D35/><U89/><E89/><V82/><F102/><AGARI ba="0,0" hai="20,25,30,52,54,55,86,88,94,102,103" m="46327" machi="102" ten="30,3900,0" yaku="8,1,54,2" doraHai="59" who="3" fromWho="2" sc="233,0,81,0,526,-39,160,39" /><INIT seed="6,0,0,0,5,22" ten="233,81,487,199" oya="2" hai0="115,14,106,69,135,98,94,2,56,107,61,25,75" hai1="37,99,96,93,68,18,47,123,28,89,4,65,26" hai2="5,20,11,121,104,120,129,32,44,118,72,82,66" hai3="10,58,6,80,71,131,64,83,41,114,57,17,92"/><V21/><F118/><W90/><G131/><T67/><D75/><U43/><E123/><V125/><F104/><W39/><G17/><T112/><D2/><U105/><E4/><V45/><F129/><W95/><G95/><T53/><D135/><U60/><E18/><V34/><F66/><W73/><G71/><T117/><D117/><U127/><E127/><V85/><F72/><W36/><G36/><T62/><D14/><U119/><E119/><V27/><F21/><W35/><G35/><T30/><D94/><U33/><REACH who="1" step="1"/><E105/><REACH who="1" ten="233,71,487,199" step="2"/><V38/><F125/><W48/><G6/><T110/><D106/><U87/><AGARI ba="0,1" hai="26,28,33,37,43,47,60,65,68,87,89,93,96,99" machi="87" ten="20,8000,1" yaku="1,1,2,1,0,1,7,1,52,1,53,0" doraHai="22" doraHaiUra="109" who="1" fromWho="1" sc="233,-20,71,90,487,-40,199,-20" /><INIT seed="7,0,0,3,2,87" ten="213,161,447,179" oya="3" hai0="97,18,60,135,71,82,62,76,35,99,113,21,124" hai1="58,55,92,5,49,42,89,13,81,134,88,102,34" hai2="48,116,132,78,46,94,120,56,90,131,70,45,10" hai3="91,118,129,12,75,41,20,126,103,3,9,24,40"/><W79/><G118/><T65/><D135/><U38/><E34/><V4/><F70/><W98/><G91/><N who="1" m="34890" /><E38/><V8/><F116/><W15/><G3/><T50/><D35/><U105/><E105/><V69/><F69/><W27/><G75/><T22/><D71/><U52/><E134/><V93/><F132/><W66/><G79/><T32/><D32/><U111/><E111/><V63/><F78/><W96/><G129/><T73/><D76/><U119/><E119/><V6/><F131/><W43/><G126/><T114/><D73/><U51/><E81/><V108/><F108/><W121/><G121/><T54/><D124/><U80/><E80/><V37/><F37/><W77/><G77/><T74/><D82/><U104/><E104/><V128/><F128/><W122/><G122/><T7/><D74/><U25/><E25/><N who="3" m="9802" /><G103/><T17/><D113/><U115/><E115/><V101/><F101/><W14/><G9/><T28/><D114/><U31/><E31/><V68/><F68/><W26/><G66/><T110/><D28/><AGARI ba="0,0" hai="12,14,15,20,26,28,40,41,43,96,98" m="9802" machi="28" ten="30,1500,0" yaku="8,1" doraHai="87" who="3" fromWho="0" sc="213,-15,161,0,447,0,179,15" /><INIT seed="7,1,0,3,1,113" ten="198,161,447,194" oya="3" hai0="107,79,39,55,125,81,58,89,72,36,66,73,16" hai1="128,2,45,56,101,0,60,19,59,33,69,20,74" hai2="71,18,15,95,49,53,13,98,106,44,134,40,47" hai3="43,3,28,41,34,76,84,127,11,57,75,86,14"/><W30/><G127/><T5/><D107/><U70/><E33/><V68/><F106/><W91/><G3/><T51/><D125/><U133/><E74/><V100/><F134/><W65/><G75/><T118/><D73/><U123/><E123/><V130/><F130/><W35/><G35/><T23/><D118/><U94/><E128/><V92/><F92/><N who="3" m="54375" /><G34/><T119/><D119/><U1/><E133/><V62/><F15/><W117/><G117/><T90/><D5/><U111/><E111/><V25/><F25/><W24/><G24/><T54/><D66/><U42/><E101/><V87/><F87/><W37/><G37/><T108/><D108/><U17/><E94/><V50/><REACH who="2" step="1"/><F62/><REACH who="2" ten="198,161,437,194" step="2"/><N who="3" m="38095" /><G86/><T4/><D72/><U105/><E105/><V96/><F96/><W31/><G76/><T78/><D79/><U131/><E131/><V83/><F83/><W46/><G46/><T124/><D81/><U126/><E126/><V112/><F112/><W67/><G67/><T115/><D78/><U7/><E7/><AGARI ba="1,1" hai="7,11,14,28,30,31,41,43" m="38095,54375" machi="7" ten="30,1500,0" yaku="8,1" doraHai="113" who="3" fromWho="1" sc="198,0,161,-18,437,0,194,28" /><INIT seed="7,2,0,5,0,22" ten="198,143,437,222" oya="3" hai0="96,124,5,83,80,34,72,25,49,53,76,104,99" hai1="50,123,30,20,33,45,15,28,48,118,63,111,100" hai2="129,67,110,17,70,57,31,9,106,125,35,6,98" hai3="134,87,119,114,19,117,109,127,105,24,2,95,37"/><W40/><G105/><T66/><D124/><U0/><E111/><V52/><F110/><W84/><G2/><T89/><D5/><U94/><E118/><V18/><F125/><W74/><G109/><T116/><D116/><U112/><E112/><V7/><F7/><W107/><G107/><T11/><D104/><U115/><E115/><V42/><F42/><W113/><G127/><T135/><D135/><U54/><E123/><V4/><F4/><W10/><G74/><T79/><D66/><U21/><E0/><V69/><F67/><W14/><G134/><T64/><D64/><U81/><E33/><V90/><F129/><W122/><G122/><T8/><D96/><U102/><E63/><V23/><F35/><W86/><G114/><T128/><D128/><U126/><E126/><V82/><F31/><W46/><G113/><T71/><D71/><U51/><E81/><V103/><F18/><W121/><G121/><T131/><D131/><U61/><E94/><V56/><F56/><W38/><G38/><T60/><D60/><U16/><E45/><V26/><F90/><W3/><G3/><T41/><D99/><U77/><E77/><V120/><F82/><W73/><G73/><N who="0" m="43023" /><D83/><U32/><E32/><V59/><F120/><W68/><G68/><T92/><D79/><U29/><REACH who="1" step="1"/><E20/><REACH who="1" ten="198,133,437,222" step="2"/><V108/><F17/><W62/><G62/><T88/><D34/><U58/><AGARI ba="2,1" hai="15,16,21,28,29,30,48,50,51,54,58,61,100,102" machi="58" ten="40,8000,1" yaku="1,1,2,1,0,1,8,1,54,1,53,0" doraHai="22" doraHaiUra="43" who="1" fromWho="1" sc="198,-22,133,96,437,-22,222,-42" owari="176,-32.0,229,3.0,415,51.0,180,-22.0" /></mjloggm>