<mjloggm ver="2.3"><GO type="169" lobby="0"/><UN n0="%30%30%73%61%69" n1="%E5%85%AC%E5%8B%99%E5%93%A1%E3%81%8F%E3%82%93" n2="%E3%81%8B%E3%82%8A%E6%A2%85" n3="%E7%89%8C%E5%BB%83%E4%BA%BA" dan="16,16,16,17" rate="2146.50,2009.88,2118.95,2142.34" sx="M,F,M,M"/><TAIKYOKU oya="0"/><INIT seed="0,0,0,1,1,68" ten="250,250,250,250" oya="0" hai0="4,75,37,135,58,64,46,80,133,124,125,122,104" hai1="59,5,131,43,129,88,18,71,92,50,14,111,0" hai2="34,97,22,21,47,65,69,35,61,53,123,120,119" hai3="56,70,98,28,9,17,20,48,13,8,81,44,1"/><T121/><D104/><U24/><E71/><V72/><F72/><W79/><G70/><T93/><D93/><U39/><E24/><V83/><F83/><W86/><G1/><T128/><D75/><U32/><E32/><V94/><F119/><W6/><G28/><T26/><D80/><U29/><E29/><V55/><F35/><W127/><G127/><N who="0" m="48715" /><D4/><U95/><E95/><V117/><F34/><W16/><G56/><T36/><D26/><U82/><E82/><V7/><F7/><W118/><G118/><T52/><D64/><U115/><E5/><V67/><F67/><W49/><G98/><T15/><D15/><U101/><E101/><V10/><F10/><W126/><G126/><T11/><D11/><U102/><E102/><V12/><F117/><W99/><G99/><T134/><D128/><U85/><E0/><V113/><F12/><W45/><G9/><T3/><D3/><U100/><E100/><V33/><F94/><W27/><REACH who="3" step="1"/><G6/><REACH who="3" ten="250,250,250,240" step="2"/><T96/><D96/><U2/><E2/><V78/><F97/><W103/><G103/><T51/><D58/><U91/><E129/><V110/><F69/><W89/><G89/><T106/><D106/><U87/><E91/><V40/><F120/><AGARI ba="0,1" hai="36,37,46,51,52,120,121,122,133,134,135" m="48715" machi="120" ten="40,18000,2" yaku="20,1,18,1,34,2,52,2,54,1" doraHai="68" who="0" fromWho="2" sc="250,190,250,0,250,-180,240,0" /><INIT seed="0,1,0,2,4,104" ten="440,250,70,240" oya="0" hai0="52,75,90,87,21,70,83,23,38,103,119,89,51" hai1="32,114,69,56,121,135,126,79,94,27,67,24,124" hai2="53,73,49,31,40,43,68,127,97,20,19,57,42" hai3="44,134,4,113,64,6,0,91,66,77,12,55,112"/><T48/><D119/><U101/><E69/><V72/><F127/><W3/><G77/><T105/><D38/><U116/><E121/><V60/><F31/><W106/><G106/><T61/><D51/><U59/><E116/><V9/><F9/><W45/><G12/><T14/><D75/><U118/><E118/><V11/><F11/><W110/><G91/><T63/><D70/><U47/><E47/><V62/><F97/><W120/><G55/><T65/><D65/><U122/><E114/><V132/><F132/><W95/><G95/><T108/><D108/><U117/><E117/><V37/><F37/><W123/><REACH who="3" step="1"/><G134/><REACH who="3" ten="440,250,70,230" step="2"/><T28/><D90/><U7/><E94/><V109/><F109/><AGARI ba="1,1" hai="0,3,4,6,44,45,64,66,109,110,112,113,120,123" machi="109" ten="25,6400,0" yaku="1,1,2,1,22,2,53,0" doraHai="104" doraHaiUra="22" who="3" fromWho="2" sc="440,0,250,0,70,-67,230,77" /><INIT seed="1,0,0,3,1,114" ten="440,250,3,307" oya="1" hai0="97,38,64,123,68,87,32,20,104,96,109,82,22" hai1="18,113,118,126,77,10,103,27,85,72,62,80,53" hai2="4,13,14,61,17,0,47,91,52,134,66,106,70" hai3="1,131,36,120,84,73,2,60,133,42,21,37,117"/><U119/><E113/><V46/><F106/><W130/><G120/><T107/><D38/><U54/><E126/><V5/><F0/><N who="3" m="107" /><G73/><T110/><D32/><U132/><E132/><V92/><F134/><W81/><G133/><T93/><D64/><U89/><E103/><V43/><F43/><W99/><G42/><T55/><D68/><U127/><E127/><V40/><F40/><W9/><G9/><T23/><D55/><U3/><E27/><V6/><F14/><W16/><G99/><N who="0" m="37963" /><D93/><U12/><E3/><V30/><F30/><W41/><G60/><T51/><D51/><U45/><E54/><V101/><F101/><W76/><G41/><T48/><D48/><N who="1" m="28815" /><E62/><V115/><F115/><W74/><G74/><T121/><D107/><U57/><E57/><N who="2" m="34983" /><F66/><W71/><G71/><T79/><D104/><U128/><E128/><N who="3" m="49194" /><G117/><N who="1" m="44554" /><E77/><V75/><F75/><AGARI ba="0,0" hai="10,12,18,72,75,80,85,89" m="44554,28815" machi="75" ten="30,11600,0" yaku="25,1,52,3" doraHai="114" who="1" fromWho="2" sc="440,0,250,116,3,-116,307,0" owari="440,53.0,366,17.0,-113,-61.0,307,-9.0" /></mjloggm>