<mjloggm ver="2.3"><GO type="169" lobby="0"/><UN n0="%62%73%79%67%63%37" n1="%6B%69%79%6F%6E%61%72%69" n2="%E7%89%8C%E5%BB%83%E4%BA%BA" n3="%E3%81%BE%E3%81%81%E3%81%8C%E3%82%8A%E3%82%93" dan="17,16,17,17" rate="2214.82,2083.85,2139.99,2165.13" sx="M,M,M,M"/><TAIKYOKU oya="0"/><INIT seed="0,0,0,5,1,8" ten="250,250,250,250" oya="0" hai0="0,68,59,61,6,65,47,103,27,25,28,80,125" hai1="38,48,78,1,135,119,42,12,63,74,37,128,130" hai2="32,105,19,121,92,57,133,93,2,104,95,34,9" hai3="13,131,111,45,69,60,29,132,3,10,96,94,21"/><T46/><D125/><U118/><E1/><V5/><F121/><W36/><G111/><T77/><D27/><U66/><E74/><V82/><F133/><W70/><G131/><N who="1" m="50218" /><E78/><V75/><F57/><W41/><G132/><T62/><D103/><U129/><E129/><V127/><F127/><W102/><G3/><T54/><D0/><U113/><E135/><V15/><F75/><W52/><G29/><T4/><D4/><U22/><E22/><V18/><F82/><W43/><G43/><T117/><D6/><U53/><E12/><V50/><F50/><W35/><G35/><T58/><D68/><N who="1" m="42079" /><E113/><V97/><F19/><W56/><REACH who="3" step="1"/><G21/><REACH who="3" ten="250,250,250,240" step="2"/><T20/><REACH who="0" step="1"/><D117/><REACH who="0" ten="240,250,250,240" step="2"/><N who="1" m="44555" /><E42/><V14/><F2/><W39/><G39/><T90/><D90/><U71/><E71/><V110/><F110/><W98/><G98/><T86/><AGARI ba="0,2" hai="20,25,28,46,47,54,58,59,61,62,65,77,80,86" machi="86" ten="20,7800,0" yaku="1,1,0,1,7,1,8,1,53,0" doraHai="8" doraHaiUra="44" who="0" fromWho="0" sc="240,98,250,-26,250,-26,240,-26" /><INIT seed="0,1,0,0,4,47" ten="338,224,224,214" oya="0" hai0="82,13,107,30,128,92,27,117,42,6,69,10,4" hai1="73,71,52,35,95,62,81,19,36,68,20,133,66" hai2="80,122,41,43,86,112,79,37,83,116,14,77,9" hai3="56,120,127,103,17,84,111,29,60,44,31,33,134"/><T16/><D107/><U21/><E35/><V39/><F112/><W76/><G111/><T100/><D117/><U110/><E36/><V55/><F122/><W58/><G33/><T129/><D69/><U51/><E110/><V94/><F116/><W0/><G0/><T124/><D42/><U15/><E71/><V63/><F94/><W2/><G2/><T12/><D82/><U74/><E133/><V106/><F106/><W65/><G134/><T24/><D92/><U25/><E95/><V97/><F97/><W18/><G103/><T85/><D85/><U78/><E74/><V102/><F102/><W72/><G72/><T1/><D100/><U67/><E67/><V89/><F39/><W131/><G131/><N who="0" m="50251" /><D124/><U50/><REACH who="1" step="1"/><E52/><REACH who="1" ten="338,214,224,214" step="2"/><V108/><F108/><W121/><G65/><T22/><D6/><U109/><E109/><V126/><F37/><W46/><G127/><T53/><D53/><U125/><E125/><V105/><F105/><W3/><G121/><T114/><D114/><U59/><E59/><N who="2" m="35327" /><F126/><W113/><G58/><T49/><D49/><U28/><AGARI ba="1,1" hai="15,19,20,21,25,28,50,51,62,66,68,73,78,81" machi="28" ten="20,8000,1" yaku="1,1,0,1,7,1,52,2,53,0" doraHai="47" doraHaiUra="90" who="1" fromWho="1" sc="338,-41,214,93,224,-21,214,-21" /><INIT seed="1,0,0,2,1,93" ten="297,307,203,193" oya="1" hai0="67,48,73,112,120,65,92,60,130,45,106,51,71" hai1="43,39,59,83,121,103,38,114,123,7,53,11,134" hai2="1,131,29,88,78,80,16,85,70,113,82,89,21" hai3="98,14,28,122,12,5,75,81,47,118,124,52,18"/><U33/><E114/><V115/><F70/><W66/><G122/><T32/><D106/><U17/><E33/><V105/><F1/><W79/><G28/><T108/><D73/><U61/><E134/><V72/><F131/><W44/><G124/><T3/><D3/><U34/><E34/><V109/><F109/><W41/><G66/><T127/><D32/><U95/><E17/><V111/><F111/><W90/><G118/><T104/><D104/><U68/><E68/><V63/><F29/><W4/><G14/><T57/><D108/><U99/><E83/><V87/><F105/><W37/><G90/><T119/><D119/><U107/><E107/><V31/><F63/><W126/><G126/><T135/><D127/><U27/><E27/><V128/><F31/><W42/><G98/><T26/><D26/><U50/><E61/><V35/><F128/><W129/><G129/><T8/><D130/><U94/><E94/><V56/><F56/><W36/><REACH who="3" step="1"/><G52/><REACH who="3" ten="297,307,203,183" step="2"/><N who="0" m="31903" /><D120/><U22/><E121/><V117/><F117/><W116/><G116/><T76/><D67/><U74/><E53/><V24/><REACH who="2" step="1"/><F35/><REACH who="2" ten="297,307,193,183" step="2"/><W9/><AGARI ba="0,2" hai="4,5,9,12,18,36,37,41,42,44,47,75,79,81" machi="9" ten="20,5200,0" yaku="1,1,0,1,7,1,9,1,53,0" doraHai="93" doraHaiUra="54" who="3" fromWho="3" sc="297,-13,307,-26,193,-13,183,72" /><INIT seed="2,0,0,4,0,62" ten="284,281,180,255" oya="2" hai0="70,9,76,6,27,65,127,30,58,85,113,47,13" hai1="66,23,135,124,14,51,129,60,17,56,72,133,53" hai2="28,99,69,2,4,75,114,79,97,106,86,81,44" hai3="116,57,131,37,49,103,84,110,121,83,130,63,102"/><V22/><F114/><W108/><G37/><T18/><D127/><U126/><E72/><V100/><F69/><W96/><G49/><T128/><D128/><N who="3" m="49193" /><G116/><T16/><D70/><U19/><E129/><V107/><F28/><W54/><G121/><T42/><D113/><U78/><E78/><V45/><F22/><W91/><G103/><T80/><D58/><U101/><E101/><N who="2" m="62767" /><F4/><W48/><G48/><N who="0" m="26743" /><D65/><U104/><E104/><AGARI ba="0,0" hai="54,57,63,83,84,91,96,102,104,108,110" m="49193" machi="104" ten="30,1000,0" yaku="19,1" doraHai="62" who="3" fromWho="1" sc="284,0,281,-10,180,0,255,10" /><INIT seed="3,0,0,1,5,124" ten="284,271,180,265" oya="3" hai0="9,130,97,21,73,41,86,126,50,103,51,38,42" hai1="58,70,111,135,36,101,102,69,116,1,129,39,13" hai2="40,16,17,67,121,32,10,91,33,127,56,54,106" hai3="114,20,132,92,118,18,53,75,84,133,25,87,81"/><W30/><G114/><T44/><D73/><U112/><E1/><V105/><F127/><W2/><G2/><T128/><D126/><U3/><E3/><V34/><F121/><W89/><G118/><T82/><D21/><U35/><E35/><V109/><F109/><W94/><G75/><T37/><D9/><U62/><E111/><V72/><F72/><W120/><G120/><T115/><D115/><U24/><E112/><V79/><F79/><W117/><G117/><T23/><D23/><U78/><E24/><V45/><F67/><W63/><G30/><T77/><D50/><U80/><E13/><V14/><F91/><W85/><G85/><T100/><D100/><U47/><E47/><V104/><F17/><W11/><G11/><T7/><D7/><U68/><E80/><V0/><F0/><W28/><G28/><T29/><D29/><U131/><E78/><V123/><F123/><W64/><G53/><T65/><D65/><U125/><E125/><V90/><F90/><W119/><G119/><T19/><D19/><U95/><E116/><V52/><REACH who="2" step="1"/><F56/><REACH who="2" ten="284,271,170,265" step="2"/><N who="3" m="36967" /><G87/><T46/><REACH who="0" step="1"/><D37/><AGARI ba="0,1" hai="10,14,16,32,33,34,37,40,45,52,54,104,105,106" machi="37" ten="50,8000,1" yaku="1,1,54,2,53,1" doraHai="124" doraHaiUra="71" who="2" fromWho="0" sc="284,-80,271,0,170,90,265,0" /><INIT seed="4,0,0,3,0,11" ten="204,271,260,265" oya="0" hai0="89,4,111,34,31,43,124,103,130,105,22,9,51" hai1="71,88,121,100,129,112,48,117,104,62,54,36,94" hai2="115,86,110,49,3,67,38,45,44,57,61,69,26" hai3="80,53,58,66,46,64,56,87,83,93,25,5,127"/><T30/><D34/><U12/><E36/><V28/><F3/><W84/><G127/><T76/><D124/><U113/><E117/><V82/><F110/><W68/><G68/><T102/><D111/><U73/><E73/><V52/><F115/><N who="1" m="44105" /><E121/><V27/><F38/><W96/><G5/><T99/><D130/><U122/><E122/><V133/><F133/><W107/><G107/><T42/><D76/><U95/><E104/><V79/><REACH who="2" step="1"/><F27/><REACH who="2" ten="204,271,250,265" step="2"/><W16/><G64/><T65/><D65/><U23/><E129/><V0/><F0/><W114/><G66/><T78/><D42/><U21/><E71/><V90/><F90/><W7/><G25/><T91/><D78/><U24/><E88/><V47/><F47/><W81/><G46/><T106/><D91/><U72/><E24/><V119/><F119/><W63/><G114/><T19/><D89/><U125/><E125/><V120/><F120/><W17/><G58/><T50/><D43/><U126/><E126/><V98/><F98/><W85/><G7/><T75/><D103/><AGARI ba="0,1" hai="16,17,53,56,63,80,81,83,84,85,87,93,96,103" machi="103" ten="40,2600,0" yaku="8,1,54,1" doraHai="11" who="3" fromWho="0" sc="204,-26,271,0,250,0,265,36" /><INIT seed="5,0,0,0,0,35" ten="178,271,250,301" oya="1" hai0="63,50,118,88,23,13,116,53,67,40,79,10,105" hai1="58,15,17,129,52,73,26,54,101,77,113,4,102" hai2="120,127,86,8,90,61,98,109,108,24,135,3,28" hai3="81,123,87,134,131,114,64,107,57,69,68,96,99"/><U122/><E122/><V130/><F120/><W89/><G123/><T76/><D105/><U6/><E73/><V119/><F119/><W2/><G2/><T84/><D40/><U93/><E77/><V121/><F121/><W34/><G34/><T45/><D23/><U36/><E36/><V48/><F135/><W56/><G134/><T49/><D50/><U103/><E26/><V125/><F98/><W95/><G114/><T41/><D41/><U9/><E129/><V117/><F61/><W0/><G0/><T33/><D33/><U25/><E113/><V74/><F74/><W21/><G131/><T70/><D118/><U38/><E38/><V97/><F97/><W5/><G5/><T14/><D14/><U71/><E71/><V126/><F48/><W55/><G21/><T44/><D44/><U132/><E132/><V80/><F117/><W39/><G39/><T85/><D85/><U11/><E25/><V27/><F130/><W92/><G107/><T19/><REACH who="0" step="1"/><D116/><REACH who="0" ten="168,271,250,301" step="2"/><U51/><E15/><V115/><F115/><W16/><G87/><T60/><D60/><U110/><E51/><V1/><F27/><W83/><G96/><T91/><D91/><U18/><E110/><N who="2" m="42603" /><F8/><W65/><G99/><T78/><D78/><U100/><E11/><V82/><F82/><AGARI ba="0,1" hai="10,13,19,45,49,53,63,67,70,76,79,82,84,88" machi="82" ten="30,12000,2" yaku="1,1,7,1,25,2,54,1,53,1" doraHai="35" doraHaiUra="62" who="0" fromWho="2" sc="168,130,271,0,250,-120,301,0" /><INIT seed="6,0,0,5,5,84" ten="298,271,130,301" oya="2" hai0="93,112,119,96,132,35,123,80,37,109,64,51,134" hai1="30,127,40,126,69,38,24,46,17,56,106,65,43" hai2="125,32,102,62,66,25,83,2,110,16,105,41,28" hai3="3,104,60,67,63,31,130,11,9,100,129,95,74"/><V124/><F110/><W79/><G104/><T94/><D37/><U75/><E43/><V111/><F111/><W61/><G31/><T13/><D109/><U8/><E69/><V0/><F41/><W91/><G100/><T117/><D123/><U29/><E75/><V88/><F105/><W73/><G67/><T114/><D35/><U59/><E106/><V23/><F102/><W36/><G36/><T98/><D64/><U122/><E122/><V86/><F2/><W48/><G48/><T50/><D80/><U22/><E30/><V81/><F0/><W118/><G118/><T52/><D13/><N who="1" m="7335" /><E65/><V85/><F32/><W90/><G95/><T103/><D103/><U12/><E12/><V53/><F53/><AGARI ba="0,0" hai="50,51,52,53,93,94,96,98,112,114,117,119,132,134" machi="53" ten="25,3200,0" yaku="22,2,54,1" doraHai="84" who="0" fromWho="2" sc="298,32,271,0,130,-32,301,0" /><INIT seed="7,0,0,5,2,115" ten="330,271,98,301" oya="3" hai0="85,65,68,4,44,35,74,62,129,75,93,41,58" hai1="50,124,46,67,8,112,63,96,91,97,82,134,36" hai2="56,89,81,66,109,59,13,135,33,108,126,49,30" hai3="12,79,60,14,118,103,69,16,38,39,125,106,23"/><W73/><G118/><T9/><D35/><U95/><E36/><V87/><F33/><W7/><G125/><T29/><D29/><U107/><E124/><V26/><F126/><W99/><G73/><T27/><D27/><U119/><E112/><V47/><F135/><W114/><G114/><T42/><D42/><U120/><E120/><V113/><F113/><W32/><G79/><T105/><D105/><U31/><E134/><V123/><F123/><W18/><G7/><T17/><D17/><U3/><E31/><V54/><F109/><W57/><G69/><T19/><D19/><U64/><E82/><V90/><F108/><W43/><G32/><T77/><D68/><U15/><E3/><V70/><F70/><W2/><G43/><T130/><D93/><U34/><E34/><V52/><F66/><W37/><G2/><N who="0" m="151" /><D85/><U88/><E107/><V11/><F90/><W111/><G111/><T117/><D117/><U72/><E72/><V28/><F26/><W84/><G84/><T92/><D92/><U71/><E67/><V55/><F55/><W121/><G121/><T25/><D25/><U86/><E91/><V5/><REACH who="2" step="1"/><F47/><REACH who="2" ten="330,271,88,301" step="2"/><W76/><G76/><T24/><D77/><U22/><E71/><V0/><F0/><W100/><G100/><T101/><D101/><U61/><E64/><V78/><F78/><W102/><G102/><T116/><D116/><U110/><E119/><V83/><F83/><W98/><G98/><T132/><D132/><U40/><E110/><V51/><AGARI ba="0,1" hai="5,11,13,28,30,49,51,52,54,56,59,81,87,89" machi="51" ten="20,12000,2" yaku="1,1,0,1,7,1,9,1,8,1,54,1,53,1" doraHai="115" doraHaiUra="6" who="2" fromWho="2" sc="330,-30,271,-30,88,130,301,-60" owari="300,40.0,241,4.0,218,-28.0,241,-16.0" /></mjloggm>