<mjloggm ver="2.3"><GO type="169" lobby="0"/><UN n0="%E5%AE%89%E6%96%8E" n1="%E3%82%A4%E3%82%BA%E3%83%9F%E3%83%B3" n2="%E3%82%A2%E3%83%AB%E3%83%86%E3%83%9F%E3%82%B9" n3="%E3%81%BE%E3%83%BC%E3%81%8F%E3%81%96%E3%81%84%E3%82%93" dan="17,16,17,16" rate="2183.39,2090.26,2192.09,2179.04" sx="M,M,M,M"/><TAIKYOKU oya="0"/><INIT seed="0,0,0,2,5,108" ten="250,250,250,250" oya="0" hai0="122,84,32,120,73,43,47,82,129,88,115,104,29" hai1="72,8,127,58,78,67,80,74,71,125,106,19,26" hai2="59,36,30,117,130,2,39,135,3,66,42,121,35" hai3="113,133,40,50,119,77,89,9,114,24,86,37,4"/><T98/><D129/><U105/><E72/><V33/><F121/><W94/><G119/><T118/><D118/><U52/><E71/><V112/><F117/><W20/><G37/><T51/><D115/><U102/><E67/><V41/><F130/><W60/><G77/><T28/><D73/><U57/><E57/><V132/><F30/><W27/><G60/><T76/><D28/><U107/><E102/><V83/><F83/><W95/><G95/><T128/><D128/><U10/><E26/><V45/><F59/><W103/><G103/><T81/><D104/><U70/><E70/><V61/><F112/><W96/><G96/><T56/><D29/><U23/><E23/><V53/><F53/><W126/><G126/><N who="1" m="48138" /><E19/><V34/><F61/><AGARI ba="0,0" hai="8,10,52,58,61,74,78,80,105,106,107" m="48138" machi="61" ten="40,2600,0" yaku="18,1,54,1" doraHai="108" who="1" fromWho="2" sc="250,0,250,26,250,-26,250,0" /><INIT seed="1,0,0,2,1,98" ten="250,276,224,250" oya="1" hai0="20,124,18,41,91,37,33,3,101,121,126,113,30" hai1="24,28,88,132,74,117,72,10,107,54,2,29,116" hai2="59,50,49,12,25,99,92,46,61,13,97,1,9" hai3="76,125,17,80,40,8,48,11,84,5,71,134,131"/><U111/><E29/><V86/><F1/><W78/><G71/><T87/><D113/><U123/><E123/><V102/><F25/><W63/><G125/><T95/><D3/><U118/><E132/><V0/><F0/><W120/><G120/><T96/><D121/><U55/><E107/><V57/><F86/><W42/><G134/><T31/><D33/><U45/><E111/><V135/><F135/><W73/><G131/><T103/><D37/><U93/><E2/><V128/><F128/><W79/><G17/><T68/><D68/><U26/><E10/><V15/><F9/><W69/><G11/><T6/><D6/><U83/><E45/><V27/><F27/><W108/><G108/><T23/><D41/><U85/><E26/><V82/><F82/><W81/><G78/><T36/><D36/><U90/><E74/><V119/><F119/><W109/><G109/><T19/><D87/><U66/><E66/><N who="2" m="39215" /><F59/><W35/><G35/><T43/><D43/><U47/><E47/><V112/><F112/><W38/><G38/><T58/><D58/><U67/><E67/><V70/><F70/><W62/><G69/><T77/><D77/><U52/><E72/><V100/><F46/><N who="3" m="25671" /><G42/><T127/><D20/><U110/><E110/><V94/><AGARI ba="0,0" hai="12,13,15,49,50,92,94,97,99,100,102" m="39215" machi="94" ten="30,4000,0" yaku="8,1,52,2" doraHai="98" who="2" fromWho="2" sc="250,-10,276,-20,224,40,250,-10" /><INIT seed="2,0,0,2,5,119" ten="240,256,264,240" oya="2" hai0="67,124,87,57,79,123,83,26,90,131,36,106,82" hai1="40,25,0,61,134,21,71,74,19,53,9,7,55" hai2="59,29,10,30,105,114,1,103,58,121,76,15,116" hai3="95,38,130,47,33,104,81,69,62,6,115,43,54"/><V89/><F116/><W122/><G104/><T28/><D124/><U88/><E74/><V68/><F68/><W93/><G115/><T49/><D36/><U35/><E40/><V48/><F1/><W64/><G33/><T107/><D131/><U8/><E134/><V102/><F76/><W110/><G6/><T84/><D123/><U129/><E129/><V60/><F114/><W109/><G130/><T23/><REACH who="0" step="1"/><D49/><REACH who="0" ten="230,256,264,240" step="2"/><U85/><E61/><AGARI ba="0,1" hai="23,26,28,57,61,67,79,82,83,84,87,90,106,107" machi="61" ten="40,2600,0" yaku="1,1,2,1,53,0" doraHai="119" doraHaiUra="128" who="0" fromWho="1" sc="230,36,256,-26,264,0,240,0" /><INIT seed="3,0,0,1,1,61" ten="266,230,264,240" oya="3" hai0="86,19,57,5,98,68,87,74,17,62,116,119,31" hai1="36,20,3,126,14,47,78,13,110,81,91,135,28" hai2="120,102,131,96,56,88,10,51,65,112,79,66,84" hai3="90,134,2,111,8,115,30,22,0,108,9,107,26"/><W64/><G107/><T52/><D74/><U32/><E3/><N who="3" m="1066" /><G90/><T99/><D5/><U63/><E110/><N who="3" m="42026" /><G115/><T130/><D130/><U114/><E135/><V128/><F79/><W67/><G134/><T44/><D31/><U60/><E126/><V15/><F112/><W77/><G77/><T53/><D62/><U106/><E91/><V127/><F127/><W113/><G113/><T7/><D7/><U132/><E106/><V40/><F120/><W97/><G97/><T41/><D57/><U129/><E129/><N who="2" m="49739" /><F56/><W103/><G103/><T80/><D41/><U23/><E132/><V35/><F35/><W82/><G82/><T94/><D80/><U109/><E81/><N who="2" m="49167" /><F51/><W125/><G125/><T12/><D44/><U18/><E47/><V101/><F101/><W27/><G27/><T100/><D100/><U83/><E78/><V95/><F40/><W89/><G89/><T124/><D124/><U118/><E114/><V49/><F49/><W37/><G37/><T104/><D104/><U54/><E36/><V46/><F46/><W122/><G122/><T43/><D43/><U39/><E39/><V58/><F58/><W117/><G117/><T55/><D55/><U71/><E118/><V48/><F48/><W45/><G45/><T21/><D94/><U93/><E54/><V85/><F85/><W123/><G123/><T50/><D50/><U24/><E93/><V75/><F75/><W121/><G121/><T72/><D72/><U92/><E109/><V38/><F38/><W29/><G29/><T11/><D119/><U16/><E92/><V42/><F42/><RYUUKYOKU ba="0,0" sc="266,-15,230,-15,264,15,240,15" hai2="10,15,65,66,95,96,102" hai3="8,9,22,26,30,64,67" /><INIT seed="3,1,0,2,1,15" ten="251,215,279,255" oya="3" hai0="77,116,68,49,37,113,123,29,44,17,73,38,103" hai1="90,52,108,6,121,76,13,70,53,47,58,118,31" hai2="114,9,23,26,107,60,0,61,124,128,46,42,129" hai3="92,105,97,82,3,2,98,111,71,85,102,74,12"/><W59/><G71/><T91/><D116/><U106/><E70/><V112/><F107/><W104/><G74/><T7/><D123/><U134/><E106/><V48/><F0/><W75/><G75/><T16/><D68/><U109/><E121/><V62/><F9/><W33/><G33/><T41/><D103/><U40/><E76/><V8/><F8/><W54/><G111/><T120/><D120/><U4/><E31/><N who="2" m="17887" /><F124/><W22/><G104/><T101/><D101/><U11/><E118/><V10/><F10/><W21/><G98/><T57/><D7/><U83/><E4/><V110/><F110/><N who="1" m="42601" /><E58/><V88/><F88/><N who="3" m="53263" /><G22/><T93/><D77/><U30/><E30/><V81/><F81/><W119/><G82/><T126/><D29/><U66/><E66/><V1/><F1/><W117/><G117/><T115/><D73/><U51/><E134/><V84/><F84/><AGARI ba="1,0" hai="6,11,13,40,47,51,52,53,83,84,90" m="42601" machi="84" ten="30,2000,0" yaku="14,1,54,1" doraHai="15" who="1" fromWho="2" sc="251,0,215,23,279,-23,255,0" /><INIT seed="4,0,0,5,5,24" ten="251,238,256,255" oya="0" hai0="32,0,99,123,120,57,17,97,2,5,73,38,130" hai1="126,48,108,132,134,31,63,29,67,121,42,46,54" hai2="129,94,28,106,64,90,95,25,76,51,13,86,135" hai3="131,84,30,62,75,19,37,112,79,80,36,100,65"/><T22/><D73/><U40/><E121/><V114/><F106/><W124/><G124/><T102/><D130/><U26/><E108/><V81/><F129/><W61/><G131/><T45/><D32/><U1/><E1/><V68/><F114/><W96/><G112/><T60/><D99/><U52/><E126/><V55/><F135/><N who="1" m="51753" /><E40/><V59/><F13/><W44/><G19/><T14/><D38/><U110/><E110/><V133/><F133/><W113/><G113/><T69/><D69/><N who="1" m="42239" /><E31/><V58/><F68/><W116/><G116/><T77/><D45/><U53/><E53/><V122/><F122/><W87/><G61/><T119/><D119/><U12/><E12/><V109/><F109/><W89/><G44/><T72/><D2/><U34/><AGARI ba="0,0" hai="26,29,34,42,46,48,52,54" m="42239,51753" machi="34" ten="30,4000,0" yaku="20,1,52,1,54,1" doraHai="24" who="1" fromWho="1" sc="251,-20,238,40,256,-10,255,-10" /><INIT seed="5,0,0,5,5,75" ten="231,278,246,245" oya="1" hai0="74,93,95,115,66,130,25,52,1,92,34,11,64" hai1="0,63,105,19,44,33,87,90,15,81,113,35,45" hai2="108,70,42,94,58,98,89,16,50,9,36,67,134" hai3="37,86,116,17,29,91,6,110,10,122,119,127,40"/><U82/><E0/><V120/><F108/><W57/><G110/><T125/><D115/><U111/><E105/><V99/><F120/><W73/><G122/><T133/><D133/><U101/><E101/><V129/><F134/><W30/><G17/><T109/><D109/><U62/><E111/><V5/><F129/><W112/><G73/><T65/><D130/><U123/><E113/><V68/><F36/><W39/><G39/><T103/><D125/><U72/><E33/><V8/><F99/><W59/><G127/><T79/><D103/><U12/><E35/><V14/><F42/><W32/><G112/><T83/><D34/><U126/><E126/><V4/><F4/><W3/><G57/><T104/><D104/><U48/><E44/><V117/><F117/><W100/><G100/><T114/><D25/><U38/><E38/><V49/><F68/><W24/><G30/><T31/><D31/><U128/><E128/><V22/><F70/><W53/><G40/><T43/><D43/><U85/><E72/><V78/><F78/><W118/><G37/><T102/><D114/><U28/><E28/><V27/><REACH who="2" step="1"/><F9/><REACH who="2" ten="231,278,236,245" step="2"/><W80/><REACH who="3" step="1"/><G116/><REACH who="3" ten="231,278,236,235" step="2"/><T106/><D106/><U88/><E123/><V76/><F76/><W71/><G71/><T96/><D79/><U124/><E124/><V97/><F97/><W69/><G69/><T2/><D96/><U61/><E19/><V23/><F23/><W47/><G47/><T18/><D102/><U20/><E20/><V84/><F84/><W46/><G46/><T77/><D77/><U41/><AGARI ba="0,2" hai="12,15,41,45,48,61,62,63,81,82,85,87,88,90" machi="41" ten="30,11700,0" yaku="0,1,9,1,8,1,54,1" doraHai="75" who="1" fromWho="1" sc="231,-39,278,137,236,-39,235,-39" /><INIT seed="5,1,0,5,2,2" ten="192,415,197,196" oya="1" hai0="98,76,46,109,93,9,54,49,77,68,66,0,60" hai1="21,102,65,48,8,1,5,50,99,90,7,10,16" hai2="74,14,53,103,81,94,62,134,125,116,55,111,30" hai3="4,135,63,85,79,72,11,70,112,78,121,28,64"/><U58/><E90/><V12/><F111/><W71/><G121/><T106/><D106/><U26/><E65/><V84/><F116/><W127/><G112/><T39/><D109/><U34/><E34/><V32/><F134/><W100/><G135/><T128/><D128/><U41/><E41/><V92/><F74/><W119/><G127/><T91/><REACH who="0" step="1"/><D39/><REACH who="0" ten="182,415,197,196" step="2"/><U47/><E47/><V33/><F125/><W105/><G119/><T97/><D97/><U27/><E58/><V83/><F33/><W37/><G37/><T24/><D24/><U118/><E27/><V61/><F32/><W22/><G71/><T29/><D29/><U45/><E45/><V17/><F30/><W67/><G28/><T38/><D38/><U20/><E118/><V75/><F75/><W89/><G72/><T56/><D56/><U31/><E31/><V126/><F126/><W107/><G107/><T114/><D114/><U42/><E42/><V124/><F124/><W25/><G25/><T122/><D122/><U115/><E115/><V23/><F14/><W15/><G105/><T82/><D82/><U96/><E96/><N who="2" m="59783" /><F94/><W13/><G13/><T110/><D110/><U129/><E129/><V35/><F35/><W19/><G70/><T87/><D87/><U73/><E73/><V132/><F132/><W52/><G85/><T123/><D123/><U80/><E80/><N who="2" m="30795" /><F84/><W108/><G108/><T95/><D95/><U104/><E104/><V69/><F69/><W36/><G36/><T130/><D130/><U57/><E99/><V51/><F51/><W18/><G15/><T131/><D131/><RYUUKYOKU ba="1,1" sc="182,15,415,-15,197,15,196,-15" hai0="0,9,46,49,54,60,66,68,76,77,91,93,98" hai2="12,17,23,53,55,61,62" /><INIT seed="6,2,1,2,0,109" ten="197,400,212,181" oya="2" hai0="70,57,67,35,123,50,4,92,100,124,116,88,61" hai1="80,43,98,86,135,91,78,58,75,10,63,12,128" hai2="31,95,125,30,132,73,14,46,114,117,59,90,52" hai3="77,131,20,87,44,55,69,62,38,0,17,99,53"/><V25/><F117/><W15/><G0/><T103/><D123/><U54/><E128/><V19/><F132/><W89/><G131/><T66/><D35/><U64/><E43/><V96/><F125/><W126/><G126/><T107/><D124/><U129/><E129/><V6/><F73/><W37/><G77/><T115/><D116/><U118/><E118/><V51/><F114/><W76/><G76/><T65/><D115/><U134/><E98/><V47/><F6/><W60/><G99/><N who="0" m="57735" /><D107/><U82/><REACH who="1" step="1"/><E64/><REACH who="1" ten="197,390,212,181" step="2"/><V83/><F83/><W27/><G38/><T120/><D66/><U108/><E108/><V85/><F96/><W56/><G37/><T110/><D67/><U104/><E104/><V74/><F74/><W68/><G68/><T130/><D65/><U79/><E79/><V94/><F94/><N who="3" m="54591" /><G69/><T113/><D70/><U22/><E22/><N who="2" m="11639" /><F31/><N who="3" m="17895" /><G44/><T9/><D110/><U102/><E102/><V11/><F11/><N who="3" m="6399" /><G53/><N who="0" m="33967" /><D130/><U48/><E48/><AGARI ba="2,2" hai="48,55,56,60,62" m="6399,17895,54591" machi="48" ten="30,1000,0" yaku="8,1" doraHai="109" who="3" fromWho="1" sc="197,0,390,-16,212,0,181,36" /><INIT seed="7,0,0,4,2,113" ten="197,374,212,217" oya="3" hai0="87,48,7,63,126,104,118,119,78,124,22,117,5" hai1="103,90,84,15,25,108,60,42,75,59,16,67,102" hai2="111,9,134,110,61,131,133,86,50,114,92,55,88" hai3="80,53,18,85,99,66,35,2,116,101,40,135,107"/><W68/><G35/><T76/><D104/><U17/><E75/><V12/><F114/><W19/><G2/><T51/><D63/><U28/><E42/><V98/><F61/><W38/><G116/><T115/><D115/><U74/><E74/><V100/><F131/><W39/><G53/><T120/><D22/><N who="1" m="15415" /><E108/><V127/><F127/><N who="0" m="48682" /><D120/><U36/><E36/><V34/><F34/><W52/><G66/><T0/><D0/><U41/><E41/><V54/><F111/><W69/><G135/><N who="2" m="51721" /><F50/><N who="0" m="18986" /><D87/><U64/><E64/><V129/><F129/><W6/><G68/><T20/><D20/><N who="1" m="11295" /><E17/><N who="2" m="8335" /><F110/><W109/><G109/><T44/><D44/><U122/><E122/><V58/><F58/><W29/><G69/><T45/><D45/><U65/><E65/><V72/><F72/><W13/><G39/><T30/><D30/><U128/><E128/><V96/><F96/><W106/><G29/><T77/><AGARI ba="0,0" hai="5,7,76,77,78,117,118,119" m="18986,48682" machi="77" ten="40,12000,2" yaku="28,2,18,1,52,3" doraHai="113" who="0" fromWho="0" sc="197,120,374,-30,212,-30,217,-60" owari="317,12.0,344,44.0,182,-22.0,157,-34.0" /></mjloggm>