<mjloggm ver="2.3"><GO type="169" lobby="0"/><UN n0="%E6%B2%96%E3%83%92%E3%82%AB%E3%83%AB%EF%BC%88%E6%9C%AC%E7%89%A9%EF%BC%89" n1="%53%74%65%69%6E%73" n2="%73%75%7A%75%6D%65%E3%81%AE%E6%B6%99" n3="%E3%81%B5%E3%81%BF%4B%55%4E" dan="16,16,16,16" rate="2107.44,2143.47,2070.57,2088.38" sx="F,M,M,M"/><TAIKYOKU oya="0"/><INIT seed="0,0,0,1,1,119" ten="250,250,250,250" oya="0" hai0="114,81,113,27,54,31,12,126,95,75,60,116,102" hai1="65,70,20,99,3,107,37,115,39,130,21,68,53" hai2="111,91,76,82,129,57,7,83,29,43,49,72,10" hai3="84,90,71,73,2,124,92,125,127,35,123,25,23"/><T15/><D116/><U1/><E107/><V63/><F111/><W36/><G73/><T109/><D126/><U104/><E104/><V9/><F129/><W33/><G2/><T22/><D109/><U5/><E99/><V26/><F91/><W67/><G36/><T96/><D114/><U120/><E53/><V24/><F82/><W132/><G132/><T77/><D113/><U122/><E115/><V34/><F24/><W55/><G55/><T128/><D128/><U89/><E130/><V94/><F94/><W42/><G42/><T118/><D118/><U69/><E89/><V38/><F49/><W112/><G112/><T79/><D79/><U106/><E106/><V121/><F121/><N who="1" m="46697" /><E65/><V56/><F10/><W80/><G123/><T46/><D46/><U62/><E62/><V44/><REACH who="2" step="1"/><F63/><REACH who="2" ten="250,250,240,250" step="2"/><N who="3" m="40447" /><G92/><T11/><D11/><U117/><E117/><V110/><F110/><W16/><AGARI ba="0,1" hai="16,23,25,33,35,80,84,90,124,125,127" m="40447" machi="16" ten="30,2000,0" yaku="18,1,54,1" doraHai="119" who="3" fromWho="3" sc="250,-10,250,-5,240,-5,250,30" /><INIT seed="1,0,0,3,2,119" ten="240,245,235,280" oya="1" hai0="34,107,130,66,133,68,19,127,123,47,73,118,101" hai1="120,53,11,65,80,105,1,96,98,32,103,125,89" hai2="77,23,9,110,36,38,51,92,42,7,21,37,59" hai3="61,30,5,113,64,93,131,24,14,108,28,69,129"/><U50/><E32/><V97/><F110/><W33/><G113/><T82/><RYUUKYOKU type="yao9" ba="0,0" sc="240,0,245,0,235,0,280,0" hai0="19,34,47,66,68,73,82,101,107,118,123,127,130,133" /><INIT seed="1,1,0,5,3,20" ten="240,245,235,280" oya="1" hai0="65,81,89,22,108,101,76,48,95,58,135,100,42" hai1="1,4,23,124,102,13,74,54,26,104,61,105,71" hai2="96,29,57,117,14,31,25,53,94,32,67,134,118" hai3="92,5,49,63,99,24,8,129,12,44,40,7,38"/><U0/><E74/><V30/><F134/><W15/><G129/><T50/><D135/><U98/><E124/><V46/><F46/><W21/><G63/><T56/><D108/><U115/><E115/><V39/><F39/><W125/><G125/><T97/><D58/><U16/><E104/><V106/><F106/><W62/><G62/><T36/><D36/><U33/><E54/><V79/><F79/><W51/><G12/><T128/><D128/><U19/><E4/><V17/><F67/><W121/><G121/><T60/><D50/><U84/><E84/><V87/><F117/><W120/><G7/><T6/><D6/><U114/><E114/><V9/><F87/><W35/><G35/><T88/><D101/><U133/><E133/><V77/><F77/><W69/><G69/><T55/><D22/><U93/><E93/><V90/><REACH who="2" step="1"/><F118/><REACH who="2" ten="240,245,225,280" step="2"/><W116/><G116/><T43/><D43/><U41/><E41/><V27/><F27/><W34/><G120/><T66/><D66/><N who="1" m="41423" /><E19/><V109/><F109/><W83/><G40/><T47/><D42/><U91/><E91/><V28/><F28/><AGARI ba="1,1" hai="0,1,13,16,23,26,28,33,98,102,105" m="41423" machi="28" ten="30,5800,0" yaku="25,1,52,1,54,1" doraHai="20" who="1" fromWho="2" sc="240,0,245,71,225,-61,280,0" /><INIT seed="1,2,0,4,1,19" ten="240,316,164,280" oya="1" hai0="40,46,92,18,62,52,39,129,14,101,102,9,117" hai1="58,22,115,25,110,89,53,64,44,93,55,11,120" hai2="95,119,124,61,12,85,5,24,23,48,50,81,54" hai3="13,113,94,43,37,33,21,47,123,17,78,38,49"/><U0/><E115/><V32/><F119/><W77/><G123/><T51/><D117/><U27/><E120/><V74/><F74/><W134/><G134/><T114/><D129/><U2/><E110/><V112/><F124/><W80/><G33/><T29/><D114/><U90/><E0/><V83/><F32/><W68/><G68/><T128/><D128/><U6/><E27/><V87/><F95/><W126/><G113/><T59/><D29/><U66/><E44/><V60/><F5/><W125/><G94/><T67/><REACH who="0" step="1"/><D92/><REACH who="0" ten="230,316,164,280" step="2"/><U127/><E127/><N who="3" m="48650" /><G78/><T105/><D105/><U132/><E132/><V63/><F112/><W42/><G42/><T3/><D3/><U97/><E89/><V30/><F54/><W103/><G103/><T118/><D118/><U86/><E53/><V111/><F111/><W71/><G71/><AGARI ba="2,1" hai="9,14,18,39,40,46,51,52,59,62,67,71,101,102" machi="71" ten="30,12000,2" yaku="1,1,7,1,24,2,54,1,53,2" doraHai="19" doraHaiUra="96" who="0" fromWho="3" sc="230,136,316,0,164,0,280,-126" /><INIT seed="2,0,0,4,0,94" ten="366,316,164,154" oya="2" hai0="36,6,28,33,82,32,131,15,52,105,109,56,123" hai1="95,47,44,117,14,97,83,88,75,69,74,121,13" hai2="17,0,98,104,29,135,51,119,12,78,39,23,91" hai3="124,46,25,120,107,67,112,84,20,37,100,92,68"/><V9/><F119/><W16/><G120/><T76/><D36/><U115/><E117/><V30/><F39/><W60/><G124/><T106/><D123/><U59/><E115/><V26/><F135/><W114/><G107/><T8/><D131/><U40/><E69/><V43/><F78/><W31/><G31/><T85/><D109/><U22/><E121/><V38/><F38/><W54/><G84/><T11/><D33/><U111/><E111/><V49/><F0/><W7/><G7/><T130/><D130/><U113/><E113/><V18/><F43/><W81/><G81/><T101/><D101/><U102/><E74/><V2/><F2/><W77/><G77/><T71/><D71/><U133/><E133/><V42/><F42/><W50/><REACH who="3" step="1"/><G37/><REACH who="3" ten="366,316,164,144" step="2"/><T1/><D28/><N who="2" m="10858" /><F104/><W96/><AGARI ba="0,1" hai="16,20,25,46,50,54,60,67,68,92,96,100,112,114" machi="96" ten="30,7900,0" yaku="1,1,0,1,52,1,54,1,53,0" doraHai="94" doraHaiUra="80" who="3" fromWho="3" sc="366,-20,316,-20,164,-39,144,89" /><INIT seed="3,0,0,0,2,31" ten="346,296,125,233" oya="3" hai0="63,44,59,89,113,13,21,73,77,120,29,8,37" hai1="6,51,84,105,104,28,107,50,14,106,118,90,74" hai2="110,83,19,128,97,22,76,126,43,46,130,48,116" hai3="40,93,124,4,41,101,17,1,98,25,61,30,58"/><W7/><G124/><T72/><D120/><U18/><E118/><V91/><F110/><W78/><G78/><T95/><D113/><U20/><E74/><V133/><F126/><W117/><G117/><T2/><D2/><U92/><N who="1" m="27136" /><DORA hai="134" /><U119/><E119/><V38/><F133/><W32/><G17/><T9/><D9/><U23/><REACH who="1" step="1"/><E6/><REACH who="1" ten="346,286,125,233" step="2"/><V69/><F116/><W66/><REACH who="3" step="1"/><G1/><REACH who="3" ten="346,286,125,223" step="2"/><T45/><D73/><U3/><E3/><V47/><F128/><W27/><G27/><AGARI ba="0,2" hai="14,18,20,23,27,28,50,51,84,90,92" m="27136" machi="27" ten="70,8000,1" yaku="1,1,53,4" doraHai="31,134" doraHaiUra="102,122" who="1" fromWho="3" sc="346,0,286,100,125,0,223,-80" /><INIT seed="4,0,0,2,3,5" ten="346,386,125,143" oya="0" hai0="70,57,118,116,130,20,129,64,59,98,42,62,8" hai1="131,2,31,15,73,50,22,18,101,103,67,63,133" hai2="86,4,83,96,30,95,75,35,100,53,87,47,81" hai3="39,38,88,40,32,123,114,24,9,76,124,56,54"/><T111/><D20/><U90/><E73/><V107/><F35/><W122/><G76/><T89/><D8/><N who="1" m="6503" /><E2/><V93/><F30/><W58/><G114/><T19/><D19/><U121/><E121/><V105/><F53/><W46/><G124/><T127/><D89/><U108/><E108/><V97/><F47/><W36/><G24/><T74/><D98/><U119/><E119/><N who="0" m="45609" /><D74/><U1/><E1/><V65/><F65/><W17/><G32/><T45/><D127/><U112/><E112/><V3/><F4/><W27/><G88/><T84/><D84/><U44/><E131/><N who="0" m="50185" /><D111/><U109/><E109/><V104/><F3/><W94/><G94/><T51/><AGARI ba="0,0" hai="42,45,51,57,59,62,64,70" m="50185,45609" machi="51" ten="30,6000,0" yaku="19,1,34,2" doraHai="5" who="0" fromWho="0" sc="346,60,386,-20,125,-20,143,-20" /><INIT seed="4,1,0,0,3,9" ten="406,366,105,123" oya="0" hai0="17,10,61,46,101,77,29,4,26,47,79,54,63" hai1="37,48,11,109,64,112,23,0,81,19,125,135,133" hai2="15,25,53,128,110,111,58,131,122,14,129,120,124" hai3="1,105,113,30,31,90,40,100,134,51,65,41,32"/><T123/><D123/><N who="2" m="47146" /><F124/><W8/><G65/><T107/><D17/><U72/><E37/><V24/><F53/><W18/><G90/><T13/><D107/><U57/><E109/><N who="2" m="41483" /><F58/><W39/><G39/><T6/><D101/><U16/><E125/><V78/><F78/><W68/><G68/><T115/><D115/><U95/><E112/><V76/><F76/><N who="0" m="29258" /><D6/><U45/><E81/><V103/><F103/><W2/><G113/><T43/><D43/><U38/><E72/><V85/><F85/><W104/><G100/><T82/><D82/><U99/><E38/><V84/><F84/><W56/><G41/><T117/><D117/><U44/><E0/><V126/><F126/><W83/><G1/><T55/><D55/><N who="1" m="31975" /><E64/><V88/><F88/><W114/><G2/><T121/><D121/><U62/><E133/><V20/><F24/><W119/><G114/><T70/><D70/><U87/><E135/><V60/><F60/><N who="0" m="23114" /><D54/><U28/><E62/><V49/><F49/><W89/><G134/><T91/><D91/><U59/><E59/><V12/><F25/><W52/><G89/><T73/><D73/><U92/><E45/><V98/><F98/><W7/><G56/><T96/><D96/><U67/><E44/><V66/><F66/><W21/><G51/><T27/><D27/><N who="1" m="16511" /><E67/><V94/><F94/><W80/><G104/><T34/><D47/><U108/><E108/><V3/><F3/><W97/><G105/><T74/><D74/><U75/><E75/><V36/><F36/><W42/><G42/><T132/><D132/><U33/><E99/><V116/><F116/><RYUUKYOKU ba="1,0" sc="406,15,366,-15,105,15,123,-15" hai0="4,10,13,26,29,34,46" hai2="12,14,15,20,128,129,131" /><INIT seed="4,2,0,4,0,133" ten="421,351,120,108" oya="0" hai0="10,124,66,81,39,26,20,56,73,103,1,4,63" hai1="65,116,52,86,38,134,37,62,112,58,24,102,72" hai2="132,40,80,36,51,84,110,31,82,57,95,16,126" hai3="128,113,109,100,89,23,55,35,74,2,111,14,5"/><T119/><D119/><U0/><E72/><V71/><F110/><W131/><G74/><T127/><D39/><U130/><E0/><V9/><F71/><W120/><G100/><T97/><D81/><U115/><E116/><V129/><F36/><W42/><G42/><T105/><REACH who="0" step="1"/><D73/><REACH who="0" ten="411,351,120,108" step="2"/><U106/><E38/><V83/><F82/><W114/><G111/><T6/><D6/><U48/><E37/><V27/><F80/><W92/><G5/><T90/><D90/><U19/><E134/><V25/><F83/><W78/><G89/><T46/><D46/><U76/><E76/><V107/><F132/><W101/><G78/><T67/><D67/><U68/><E130/><V12/><F129/><W61/><G109/><T60/><D60/><U64/><E64/><V32/><F51/><W96/><G61/><T30/><AGARI ba="2,1" hai="1,4,10,20,26,30,56,63,66,97,103,105,124,127" machi="30" ten="30,11700,0" yaku="1,1,0,1,52,2,53,0" doraHai="133" doraHaiUra="123" who="0" fromWho="0" sc="411,133,351,-41,120,-41,108,-41" /><INIT seed="4,3,0,1,1,38" ten="544,310,79,67" oya="0" hai0="123,104,62,124,56,15,133,25,86,12,60,128,103" hai1="90,0,84,34,119,64,81,88,50,3,132,31,14" hai2="126,1,27,102,131,92,127,130,122,22,24,52,94" hai3="78,41,65,108,61,5,17,121,116,33,125,99,73"/><T114/><D123/><U47/><E119/><V91/><F122/><W49/><G108/><T54/><D114/><U9/><E132/><V71/><F71/><W11/><G33/><T83/><D133/><U6/><E64/><V21/><F1/><W29/><G116/><T57/><D128/><N who="2" m="49194" /><F102/><W66/><G29/><T95/><D124/><N who="2" m="47658" /><F52/><W68/><G121/><T80/><D104/><U26/><REACH who="1" step="1"/><E90/><REACH who="1" ten="544,300,79,67" step="2"/><V101/><F101/><W7/><G66/><N who="0" m="39175" /><D103/><U118/><E118/><V85/><F91/><W69/><G65/><T40/><D95/><U46/><E46/><V100/><F100/><W45/><G45/><T16/><D83/><U111/><E111/><V51/><F92/><W53/><G125/><T8/><D80/><U97/><E97/><V96/><F96/><W23/><G99/><T120/><D120/><U72/><E72/><V106/><F106/><W20/><G73/><T18/><D86/><U67/><E67/><V89/><F94/><W74/><G74/><T28/><D28/><U134/><E134/><V109/><F89/><W117/><G117/><T36/><D25/><U58/><E58/><V82/><F27/><W37/><G68/><T13/><D8/><U43/><AGARI ba="3,1" hai="0,3,6,9,14,26,31,34,43,47,50,81,84,88" machi="43" ten="20,12000,2" yaku="1,1,0,1,7,1,52,1,54,1,53,1" doraHai="38" doraHaiUra="42" who="1" fromWho="1" sc="544,-63,300,139,79,-33,67,-33" /><INIT seed="5,0,0,1,1,37" ten="481,439,46,34" oya="1" hai0="122,89,50,13,73,56,71,49,8,19,40,95,39" hai1="38,3,97,44,21,115,47,93,94,36,135,27,10" hai2="114,62,63,45,15,120,48,90,7,30,18,123,82" hai3="118,32,9,126,125,41,102,1,29,20,96,87,68"/><U79/><E115/><V43/><F114/><W70/><G32/><T86/><D73/><U117/><E117/><V52/><F30/><W46/><G118/><T98/><D71/><U85/><E135/><V119/><F119/><W112/><G112/><T84/><D122/><U25/><E3/><V132/><F7/><N who="3" m="1263" /><G20/><T110/><D110/><U133/><E133/><V107/><F107/><N who="3" m="63943" /><G87/><T76/><D39/><U92/><E10/><V121/><F132/><W69/><G29/><T111/><D111/><U116/><E116/><V4/><F4/><W59/><G59/><T54/><D76/><U72/><E72/><V28/><F28/><W12/><G12/><T113/><D113/><U42/><E97/><V6/><F6/><W23/><G23/><T106/><D106/><U55/><E21/><V22/><REACH who="2" step="1"/><F52/><REACH who="2" ten="481,439,36,34" step="2"/><W24/><G24/><T2/><D2/><U108/><E108/><V109/><F109/><W124/><G70/><T104/><D104/><U14/><E55/><V16/><F16/><W80/><G80/><T33/><D33/><U5/><E5/><V0/><F0/><W130/><G130/><T60/><D54/><U88/><E14/><V128/><F128/><W53/><G53/><T91/><D13/><U134/><E134/><V65/><F65/><W99/><G99/><T31/><D98/><U61/><E61/><V35/><F35/><W78/><G78/><T101/><D60/><U17/><E79/><V34/><F34/><W83/><G83/><T127/><D31/><U129/><E129/><V51/><F51/><AGARI ba="0,1" hai="41,46,51,68,69,124,125,126" m="63943,1263" machi="51" ten="30,2000,0" yaku="18,1,52,1" doraHai="37" who="3" fromWho="2" sc="481,0,439,0,36,-20,34,30" /><INIT seed="6,0,0,0,5,43" ten="481,439,16,64" oya="2" hai0="115,53,111,0,71,103,13,113,15,106,55,2,86" hai1="67,4,37,60,73,16,52,109,105,62,32,84,116" hai2="23,11,10,127,30,40,18,96,125,120,75,135,87" hai3="36,41,46,45,5,94,97,108,25,42,89,123,78"/><V27/><F120/><W9/><G108/><T91/><D71/><U38/><E109/><V126/><F75/><W104/><G123/><T63/><D111/><U65/><E73/><V50/><F96/><W130/><G130/><T8/><D103/><U21/><E32/><V35/><F87/><W76/><G25/><T85/><D106/><U70/><E105/><V81/><F81/><W80/><G104/><T49/><D63/><U83/><E4/><V34/><F40/><W134/><G134/><T59/><D53/><U14/><E116/><V47/><F135/><W90/><G90/><T132/><D15/><U7/><E7/><V61/><F61/><W22/><G22/><T28/><D28/><U24/><E24/><N who="2" m="14455" /><F50/><W114/><G114/><N who="0" m="43531" /><D86/><U118/><E118/><V64/><F64/><W31/><G80/><N who="0" m="49575" /><D132/><U107/><E107/><V98/><F98/><W58/><G58/><T93/><D93/><U39/><E52/><V66/><F66/><W6/><G31/><T101/><D101/><U72/><E72/><V57/><F57/><W48/><G5/><AGARI ba="0,0" hai="0,2,5,8,13,49,55,59" m="49575,43531" machi="5" ten="30,1000,0" yaku="15,1" doraHai="43" who="0" fromWho="3" sc="481,10,439,0,16,0,64,-10" /><INIT seed="7,0,0,2,4,93" ten="491,439,16,54" oya="3" hai0="38,77,18,60,19,80,59,0,74,111,36,26,37" hai1="127,113,81,57,83,107,56,116,86,49,31,130,122" hai2="65,135,72,32,1,124,11,89,126,21,104,84,121" hai3="48,61,44,20,88,99,46,100,30,106,34,132,75"/><W114/><G34/><T109/><D0/><U16/><E122/><V3/><F32/><W76/><G114/><T6/><D6/><U58/><E113/><V125/><F72/><W51/><G132/><T87/><D74/><U96/><E130/><V112/><F112/><W50/><G61/><T79/><D79/><U54/><E127/><V123/><F65/><W71/><G71/><T70/><D70/><U133/><E133/><V24/><F104/><W91/><G30/><T63/><D63/><U8/><E116/><V94/><F135/><W128/><G20/><T27/><D27/><U39/><E39/><V25/><F11/><W110/><G110/><T120/><D120/><N who="2" m="46154" /><F25/><W7/><G7/><T5/><D5/><U78/><E31/><V97/><F84/><W134/><G128/><T131/><D26/><U66/><E81/><V67/><F67/><W29/><G134/><T119/><D119/><U73/><E73/><V117/><F117/><W13/><G13/><T47/><D47/><U15/><REACH who="1" step="1"/><E66/><REACH who="1" ten="491,429,16,54" step="2"/><V9/><F9/><W35/><G75/><N who="0" m="43071" /><D131/><U69/><E69/><V33/><F33/><W98/><G35/><T41/><D38/><U40/><E40/><V90/><F90/><W105/><G88/><T4/><D41/><U108/><E108/><V68/><F68/><W55/><G91/><T103/><D37/><U23/><E23/><V28/><AGARI ba="0,1" hai="1,3,21,24,28,89,94,97,124,125,126" m="46154" machi="28" ten="40,5200,0" yaku="18,1,13,1,52,1" doraHai="93" who="2" fromWho="2" sc="491,-13,429,-13,16,62,54,-26" owari="478,57.0,416,22.0,78,-32.0,28,-47.0" /></mjloggm>