<mjloggm ver="2.3"><GO type="169" lobby="0"/><UN n0="%E3%83%AA%E3%83%81%E3%83%A3%21%21" n1="%E7%B5%82%E7%B4%9A%E5%A5%A7%E7%BE%A9" n2="%E3%83%A4%E3%82%B3%E3%83%96%E3%82%B3%E3%83%BC%E3%82%A8%E3%83%B3" n3="%6E%6F%72%69%6B%61" dan="17,16,16,18" rate="2162.70,2096.69,2150.51,2264.82" sx="M,M,M,F"/><TAIKYOKU oya="0"/><INIT seed="0,0,0,5,0,1" ten="250,250,250,250" oya="0" hai0="92,59,71,81,132,82,41,131,3,56,52,126,26" hai1="108,110,25,47,121,2,104,7,74,36,4,51,60" hai2="23,107,68,76,57,43,70,29,62,66,61,20,21" hai3="96,27,35,15,85,49,135,93,115,113,101,125,122"/><T99/><D71/><U24/><E121/><V124/><F107/><W65/><G122/><T5/><D131/><U28/><E36/><V133/><F124/><W84/><G125/><T13/><D126/><U32/><E2/><V12/><F133/><W39/><G39/><T129/><D129/><U67/><E104/><V80/><F43/><W73/><G73/><T102/><D132/><U130/><E25/><V87/><F70/><W134/><G65/><T97/><D3/><U88/><E74/><V127/><F127/><W46/><G134/><T123/><D41/><U90/><E130/><V42/><F42/><W0/><G0/><T114/><D114/><U86/><E90/><V22/><F12/><W63/><G63/><N who="0" m="36231" /><D123/><U8/><E8/><V83/><F83/><W119/><G119/><T105/><D105/><U91/><E91/><V55/><F21/><W78/><G135/><T72/><D72/><U120/><E120/><V98/><REACH who="2" step="1"/><F98/><REACH who="2" ten="250,250,240,250" step="2"/><W112/><G112/><T118/><D99/><U40/><E108/><V44/><F44/><W89/><G115/><T30/><D118/><U75/><E110/><V34/><F34/><W17/><G113/><T33/><D59/><U128/><E128/><V106/><F106/><W50/><G35/><T77/><D77/><U111/><E111/><V100/><F100/><W16/><G101/><T54/><D102/><U95/><E75/><V94/><F94/><W116/><G78/><T18/><D33/><U48/><E48/><N who="3" m="18538" /><G116/><T31/><D92/><U53/><E40/><V38/><F38/><W10/><G93/><T109/><D109/><RYUUKYOKU ba="0,1" sc="250,-15,250,15,240,15,250,-15" hai1="4,7,24,28,32,47,51,53,60,67,86,88,95" hai2="20,22,23,29,55,57,61,62,66,68,76,80,87" /><INIT seed="1,1,1,1,1,83" ten="235,265,255,235" oya="1" hai0="6,106,34,68,89,39,86,19,118,95,79,18,30" hai1="65,57,74,43,132,76,38,109,56,28,66,41,27" hai2="67,111,105,113,82,104,1,59,135,10,115,40,125" hai3="31,46,75,17,117,93,71,44,13,49,101,15,102"/><U37/><E76/><V107/><F111/><W51/><G71/><T90/><D118/><U33/><E74/><V110/><F110/><W87/><G75/><T2/><D106/><U24/><E109/><V48/><F125/><W128/><G117/><T112/><D112/><U23/><E23/><V88/><F135/><W16/><G31/><T36/><D79/><U8/><E28/><V26/><F26/><W131/><REACH who="3" step="1"/><G93/><REACH who="3" ten="235,265,255,225" step="2"/><T14/><D68/><U69/><E69/><V92/><F107/><W124/><G124/><T119/><D119/><U7/><E132/><V70/><F70/><W134/><G134/><T9/><D30/><U50/><E33/><V5/><F105/><W53/><G53/><T114/><D34/><U62/><E65/><V126/><F104/><W0/><G0/><T84/><D114/><U77/><E66/><V55/><F126/><W81/><G81/><T121/><D121/><U94/><E94/><V52/><F82/><W64/><G64/><T127/><D127/><U21/><E41/><V130/><F67/><W129/><G129/><T78/><D2/><U98/><E43/><V12/><F40/><W29/><G29/><T25/><D95/><U91/><E38/><V122/><F130/><W97/><G97/><T20/><D39/><U58/><E37/><V133/><F133/><W22/><G22/><N who="0" m="13535" /><D36/><U108/><E108/><V32/><F122/><W96/><G96/><T100/><D20/><U42/><E21/><V116/><F116/><W35/><G35/><T63/><D9/><U103/><E8/><N who="2" m="2095" /><F32/><W99/><G99/><T11/><D11/><RYUUKYOKU ba="1,2" sc="235,-10,265,-10,255,-10,225,30" hai3="13,15,16,17,44,46,49,51,87,101,102,128,131" /><INIT seed="2,2,2,4,3,63" ten="225,255,245,255" oya="2" hai0="129,123,5,41,102,113,81,109,80,79,37,93,106" hai1="62,40,127,67,60,48,20,24,64,134,95,19,114" hai2="72,49,25,35,88,99,65,70,32,111,77,6,100" hai3="85,21,130,4,14,82,120,71,73,18,66,0,108"/><V98/><F6/><W135/><G120/><T122/><D37/><U133/><E114/><V34/><F72/><W110/><G73/><T50/><D5/><U58/><E127/><V11/><F77/><W26/><G0/><T96/><D50/><U47/><REACH who="1" step="1"/><E95/><REACH who="1" ten="225,245,245,255" step="2"/><V87/><F111/><W27/><G110/><T59/><D109/><U132/><E132/><V115/><F115/><W39/><G135/><T17/><D113/><U101/><E101/><V1/><F100/><W29/><G108/><T126/><D126/><U116/><E116/><V117/><F117/><W105/><G105/><T119/><D119/><U22/><E22/><V76/><F35/><W44/><G21/><T54/><D106/><U131/><E131/><V89/><F34/><W43/><G130/><T13/><D129/><U74/><E74/><V97/><F32/><W90/><G39/><T86/><D123/><U92/><E92/><V52/><F11/><W78/><G78/><T28/><D122/><U45/><E45/><V38/><F38/><W15/><G44/><T83/><D28/><U8/><E8/><V84/><F76/><W125/><G29/><T112/><D112/><U3/><E3/><V57/><F1/><W124/><G125/><T104/><D104/><U33/><E33/><V51/><F89/><W2/><G90/><T10/><REACH who="0" step="1"/><D41/><REACH who="0" ten="215,245,245,255" step="2"/><U56/><AGARI ba="2,4" hai="19,20,24,40,47,48,56,58,60,62,64,67,133,134" machi="56" ten="30,12000,2" yaku="1,1,0,1,9,1,52,2,53,1" doraHai="63" doraHaiUra="23" who="1" fromWho="1" sc="215,-32,245,166,245,-62,255,-32" /><INIT seed="3,0,0,4,2,128" ten="183,411,183,223" oya="3" hai0="123,111,62,25,56,44,51,107,122,63,19,95,97" hai1="17,61,79,22,120,88,18,85,93,103,58,96,117" hai2="7,86,77,11,36,38,2,43,109,112,26,40,115" hai3="72,10,55,108,13,34,1,41,59,75,71,60,125"/><W132/><G34/><T21/><D107/><U118/><E79/><V6/><F109/><W83/><G1/><T91/><D111/><U102/><E120/><V53/><F26/><W54/><G108/><T24/><D63/><U110/><E110/><V134/><F53/><W12/><G71/><T92/><D25/><U101/><E17/><V80/><F7/><W127/><G41/><T42/><REACH who="0" step="1"/><D95/><REACH who="0" ten="173,411,183,223" step="2"/><N who="1" m="58527" /><E117/><V105/><F105/><W65/><G60/><T69/><D69/><U90/><E118/><V14/><F115/><W116/><G116/><T23/><D23/><U3/><E3/><V66/><F112/><W64/><G13/><T28/><D28/><U70/><E70/><V113/><F2/><W84/><G12/><T130/><D130/><U124/><E124/><V27/><F27/><W133/><G10/><T39/><D39/><U45/><E22/><V104/><F104/><W135/><G127/><T49/><D49/><U98/><E93/><V29/><F113/><W121/><G125/><T81/><D81/><U48/><E61/><V100/><F29/><W78/><G121/><T20/><D20/><U15/><E15/><V76/><F36/><W119/><G119/><T68/><D68/><U99/><E48/><V74/><F38/><W8/><G8/><T52/><AGARI ba="0,1" hai="19,21,24,42,44,51,52,56,62,91,92,97,122,123" machi="52" ten="20,12000,2" yaku="1,1,0,1,7,1,25,2,54,1,53,0" doraHai="128" doraHaiUra="73" who="0" fromWho="0" sc="173,130,411,-30,183,-30,223,-60" /><INIT seed="4,0,0,4,1,112" ten="303,381,153,163" oya="0" hai0="113,31,80,92,53,62,34,8,19,118,107,74,28" hai1="61,3,128,125,2,13,45,95,119,71,135,127,73" hai2="1,110,44,27,30,90,129,86,37,36,21,18,88" hai3="6,14,49,17,33,93,63,58,77,103,98,126,94"/><T64/><D107/><U35/><E119/><V114/><F110/><W116/><G33/><T52/><D113/><U22/><E35/><V65/><F1/><W24/><G116/><T85/><D118/><U38/><E73/><V29/><F129/><W5/><G126/><T91/><D34/><U59/><E71/><V9/><F114/><W83/><G49/><T11/><D31/><U46/><E128/><V66/><F90/><W60/><G93/><T23/><D28/><U42/><E46/><V25/><F37/><W115/><G24/><T7/><D74/><U39/><E39/><V56/><F44/><W43/><G43/><T32/><D32/><U79/><E79/><V111/><F36/><W84/><G115/><T100/><D100/><U78/><E78/><V99/><F99/><W12/><G63/><T72/><D80/><U69/><E69/><V48/><F9/><W106/><G106/><T67/><D72/><U68/><E68/><V0/><F0/><W16/><G14/><N who="0" m="5407" /><D11/><U96/><E135/><V70/><F70/><W121/><G121/><T97/><D97/><U81/><E81/><N who="2" m="49231" /><F111/><W87/><G87/><T123/><D123/><U101/><E125/><V122/><F122/><W55/><G17/><T105/><D105/><U124/><E124/><V134/><F134/><W102/><G103/><T104/><D104/><U130/><E127/><V132/><F132/><W76/><G76/><T120/><D120/><U131/><E131/><V4/><F4/><W89/><G77/><T51/><D91/><U82/><E130/><V75/><F29/><W47/><G47/><RYUUKYOKU ba="0,0" sc="303,-10,381,-10,153,-10,163,30" hai3="5,6,12,16,55,58,60,83,84,89,94,98,102" /><INIT seed="5,1,0,3,3,41" ten="293,371,143,193" oya="1" hai0="82,2,1,104,80,70,59,8,4,61,98,12,5" hai1="122,50,32,134,100,126,129,102,37,79,127,21,112" hai2="123,106,75,93,94,120,67,13,7,113,17,9,52" hai3="83,26,69,114,91,29,45,43,46,73,62,68,44"/><U121/><E32/><V20/><F106/><W56/><G43/><T81/><D70/><U77/><E37/><V39/><F75/><W90/><G114/><T74/><D74/><U78/><E112/><V22/><F67/><W110/><G110/><T16/><D104/><U60/><E60/><V31/><F39/><W115/><G115/><T27/><D98/><U49/><E21/><V88/><F113/><W84/><G90/><T116/><D116/><U118/><E118/><V57/><F94/><W11/><G11/><T15/><D27/><U6/><E6/><V96/><F22/><W58/><G73/><T105/><D105/><U10/><E10/><V99/><F31/><W86/><G86/><T23/><REACH who="0" step="1"/><D4/><REACH who="0" ten="283,371,143,193" step="2"/><U3/><E134/><V107/><F107/><W55/><REACH who="3" step="1"/><G58/><REACH who="3" ten="283,371,143,183" step="2"/><T92/><D92/><U87/><E87/><N who="2" m="52383" /><F123/><W131/><G131/><T103/><D103/><N who="1" m="39467" /><E129/><V19/><F120/><W135/><G135/><T47/><D47/><U64/><E121/><V48/><F7/><W65/><G65/><AGARI ba="1,2" hai="1,2,5,8,12,15,16,23,59,61,65,80,81,82" machi="65" ten="40,2600,0" yaku="1,1,54,1,53,0" doraHai="41" doraHaiUra="95" who="0" fromWho="3" sc="283,49,371,0,143,0,183,-29" /><INIT seed="6,0,0,4,3,73" ten="332,371,143,154" oya="2" hai0="98,135,1,96,89,70,68,121,104,7,14,76,69" hai1="127,82,102,16,51,44,56,115,124,19,17,35,128" hai2="81,94,77,112,91,132,78,109,119,85,41,122,92" hai3="38,20,71,15,46,45,118,57,58,9,61,80,74"/><V42/><F122/><W117/><G71/><T2/><D121/><U72/><E115/><V126/><F119/><W47/><G38/><T103/><D135/><U75/><E35/><V54/><F112/><W63/><G20/><T95/><D7/><U12/><E128/><V123/><F123/><W50/><G50/><T33/><D33/><U24/><E24/><V97/><F132/><W59/><G74/><T52/><D76/><N who="2" m="29290" /><F126/><N who="1" m="48169" /><E82/><V67/><F67/><W27/><G27/><T131/><D14/><U55/><E102/><N who="2" m="60711" /><F109/><W8/><G80/><T101/><D131/><U105/><E105/><V36/><F36/><W106/><G106/><T6/><D103/><U64/><E12/><V26/><F26/><W65/><G15/><T93/><D104/><U134/><E134/><V133/><F133/><W48/><G48/><T4/><D1/><U40/><E64/><V34/><F34/><W39/><G39/><AGARI ba="0,0" hai="16,17,19,39,40,44,51,55,56,72,75" m="48169" machi="39" ten="30,2000,0" yaku="18,1,54,1" doraHai="73" who="1" fromWho="3" sc="332,0,371,20,143,0,154,-20" /><INIT seed="7,0,0,4,5,52" ten="332,391,143,134" oya="3" hai0="17,129,40,64,30,54,113,132,58,73,125,20,124" hai1="89,99,14,59,83,128,22,126,50,98,60,6,0" hai2="114,43,131,65,117,120,39,31,51,86,46,5,110" hai3="77,118,3,57,67,91,95,48,104,1,10,121,122"/><W27/><G104/><T119/><D73/><U109/><E0/><V4/><F117/><W9/><G118/><T33/><D119/><U62/><E109/><V42/><F110/><W111/><G77/><T78/><D78/><U25/><E126/><N who="0" m="48745" /><D40/><U101/><E128/><V135/><F131/><W115/><G111/><T70/><D129/><U29/><E50/><V45/><F120/><W100/><G100/><T74/><D74/><U8/><E101/><V24/><F135/><W80/><G80/><T41/><D41/><U38/><E38/><V93/><F65/><W11/><G115/><T84/><D84/><N who="1" m="50335" /><E62/><V130/><F114/><W106/><G106/><T85/><D85/><U87/><E87/><V134/><F134/><W133/><G133/><T127/><N who="0" m="48753" /><T56/><DORA hai="105" /><D132/><U96/><E96/><V37/><F37/><W18/><G121/><T2/><D2/><U82/><E82/><V92/><F130/><W49/><G122/><T88/><D88/><U19/><E6/><V35/><F86/><N who="3" m="52727" /><G48/><N who="0" m="30791" /><D70/><U68/><E68/><V69/><F69/><W55/><G67/><AGARI ba="0,0" hai="8,14,19,22,25,29,59,60,67,98,99" m="50335" machi="67" ten="30,2000,0" yaku="8,1,52,1" doraHai="52,105" who="1" fromWho="3" sc="332,0,391,20,143,0,134,-20" owari="332,13.0,411,52.0,143,-26.0,114,-39.0" /></mjloggm>