<mjloggm ver="2.3"><GO type="169" lobby="0"/><UN n0="%E3%81%B5%E3%81%BF%4B%55%4E" n1="%E3%82%B5%E3%82%A6%E3%83%8A%E5%B0%8F%E5%83%A7" n2="%E3%83%A4%E3%82%B3%E3%83%96%E3%82%B3%E3%83%BC%E3%82%A8%E3%83%B3" n3="%E8%A8%80%E8%91%89%E3%81%A8%E7%89%A9" dan="16,16,16,18" rate="2080.77,2145.83,2148.61,2156.64" sx="M,M,M,M"/><TAIKYOKU oya="0"/><INIT seed="0,0,0,5,3,76" ten="250,250,250,250" oya="0" hai0="67,131,5,41,79,89,128,97,62,108,29,10,11" hai1="14,23,57,43,125,48,115,111,20,65,122,85,24" hai2="8,13,105,84,80,129,47,35,50,42,31,101,74" hai3="1,15,4,45,3,134,98,112,93,121,53,49,117"/><T61/><D29/><U33/><E122/><V71/><F74/><W135/><G112/><T94/><D41/><U107/><E107/><V86/><F71/><W32/><G32/><T36/><D36/><U106/><E106/><V127/><F86/><W103/><G117/><T90/><D79/><U60/><E111/><V99/><F127/><W2/><G121/><T113/><D113/><U0/><E0/><V54/><F129/><N who="0" m="49738" /><D108/><U6/><E33/><V81/><F35/><W46/><G46/><T130/><N who="0" m="49746" /><T78/><DORA hai="34" /><D78/><U30/><E125/><V21/><F84/><W114/><G114/><T123/><D123/><U39/><E39/><V7/><F31/><W102/><G102/><N who="0" m="60727" /><D11/><U116/><E116/><V19/><REACH who="2" step="1"/><F42/><REACH who="2" ten="250,250,240,250" step="2"/><W68/><G68/><N who="0" m="42095" /><D62/><U73/><E60/><V120/><F120/><W22/><REACH who="3" step="1"/><G4/><REACH who="3" ten="250,250,240,240" step="2"/><T64/><D64/><U69/><E65/><V124/><F124/><W38/><G38/><T72/><D72/><U91/><E73/><V126/><F126/><W12/><G12/><AGARI ba="0,2" hai="5,10,12,89,90" m="42095,60727,49746" machi="12" ten="40,2000,0" yaku="19,1" doraHai="76,34" who="0" fromWho="3" sc="250,40,250,0,240,0,240,-20" /><AGARI ba="0,0" hai="7,8,12,13,19,21,47,50,54,80,81,99,101,105" machi="12" ten="30,7700,0" yaku="1,1,7,1,52,2,53,0" doraHai="76,34" doraHaiUra="58,26" who="2" fromWho="3" sc="290,0,250,0,240,77,220,-77" /><INIT seed="0,1,0,2,1,29" ten="290,250,317,143" oya="0" hai0="81,86,50,125,117,38,2,110,15,112,104,55,31" hai1="51,35,24,88,134,101,20,32,17,28,40,61,118" hai2="42,87,60,72,33,69,12,135,49,115,1,27,103" hai3="75,21,99,95,8,68,122,78,5,59,65,37,57"/><T66/><D112/><U83/><E118/><V123/><F1/><W108/><G37/><T133/><D2/><U70/><E134/><V79/><F72/><W4/><G108/><T80/><D133/><U107/><E40/><V119/><F115/><W92/><G122/><T131/><D38/><U3/><E3/><V11/><F123/><W56/><G75/><T93/><D104/><U100/><E51/><V34/><F103/><W45/><G78/><T41/><D41/><U14/><E107/><V22/><F60/><W102/><G45/><T25/><D125/><U120/><E120/><V129/><F69/><W23/><G68/><T113/><D113/><U114/><E114/><V106/><F106/><W36/><G36/><T47/><D131/><U96/><E35/><V44/><F129/><W84/><G65/><T97/><D66/><U77/><E61/><V54/><F54/><W71/><G71/><T76/><D110/><U98/><E70/><V62/><F62/><W74/><G74/><T30/><D81/><U46/><E46/><V26/><F26/><W116/><G116/><T19/><D25/><U63/><E63/><V18/><F119/><W128/><G128/><T105/><D105/><U124/><E124/><V127/><F127/><W121/><G121/><T82/><D82/><U43/><E43/><V67/><F67/><W39/><G39/><T90/><REACH who="0" step="1"/><D117/><REACH who="0" ten="280,250,317,143" step="2"/><U10/><E83/><N who="2" m="47615" /><F135/><W48/><G92/><T89/><D89/><U53/><E88/><V111/><F111/><W13/><G95/><T132/><D132/><U94/><E94/><V9/><F27/><RYUUKYOKU ba="1,1" sc="280,15,250,-15,317,15,143,-15" hai0="15,19,30,31,47,50,55,76,80,86,90,93,97" hai2="9,11,12,18,22,33,34,42,44,49" /><INIT seed="0,2,1,3,0,38" ten="295,235,332,128" oya="0" hai0="22,116,61,36,23,114,96,113,127,89,115,53,133" hai1="43,31,117,126,63,132,26,134,64,98,73,72,95" hai2="15,10,0,74,48,83,17,75,16,34,105,93,128" hai3="42,102,3,79,90,101,82,30,109,57,58,87,119"/><T70/><D116/><U59/><E126/><V55/><F105/><W103/><G119/><T50/><D127/><U106/><E106/><V51/><F0/><W121/><G3/><T76/><D76/><U11/><E11/><V19/><F34/><W41/><G109/><T52/><D36/><U9/><E9/><V28/><F28/><W37/><G37/><T29/><D133/><N who="1" m="51307" /><E117/><V25/><F25/><W65/><G121/><T118/><D118/><U45/><E45/><V122/><F122/><W130/><G130/><T120/><D120/><U100/><E43/><N who="3" m="16394" /><G65/><T60/><D29/><U129/><E129/><V67/><F67/><W5/><G5/><T94/><D53/><U35/><AGARI ba="2,1" hai="26,31,35,59,63,64,72,73,95,98,100" m="51307" machi="35" ten="30,1100,0" yaku="20,1" doraHai="38" who="1" fromWho="1" sc="295,-7,235,27,332,-5,128,-5" /><INIT seed="1,0,0,0,0,63" ten="288,262,327,123" oya="1" hai0="69,53,32,19,75,122,131,124,76,2,121,26,23" hai1="14,93,84,105,6,80,110,88,12,99,106,43,42" hai2="86,104,13,92,61,16,85,116,33,107,4,71,41" hai3="100,118,5,18,83,78,81,64,60,129,54,8,97"/><U45/><E110/><V31/><F116/><W55/><G129/><T56/><D2/><U91/><E43/><V126/><F126/><W47/><G118/><T72/><D124/><U90/><E90/><V68/><F4/><W82/><G78/><T9/><D69/><U3/><E3/><V115/><F41/><W44/><G18/><T40/><D40/><U132/><E132/><V51/><F51/><W127/><G127/><T95/><D95/><U130/><E130/><V36/><F36/><W46/><G55/><T38/><D38/><U125/><E125/><V34/><F31/><W77/><G54/><T62/><D131/><U113/><E113/><V24/><F24/><W48/><G48/><T29/><D9/><U134/><E134/><V20/><F92/><W28/><G28/><T15/><REACH who="0" step="1"/><D76/><REACH who="0" ten="278,262,327,123" step="2"/><U109/><E109/><V73/><F71/><W98/><G77/><T112/><D112/><U117/><E117/><V52/><F68/><W58/><REACH who="3" step="1"/><G100/><REACH who="3" ten="278,262,327,113" step="2"/><T25/><D25/><U119/><E119/><V103/><F103/><W128/><G128/><T11/><D11/><U89/><E42/><V94/><F115/><W70/><G70/><T17/><D17/><U7/><E7/><V111/><F16/><W0/><AGARI ba="0,2" hai="0,5,8,44,46,47,58,60,64,81,82,83,97,98" machi="0" ten="30,4000,0" yaku="1,1,0,1,52,1,53,0" doraHai="63" doraHaiUra="120" who="3" fromWho="3" sc="278,-10,262,-20,327,-10,113,60" /><INIT seed="2,0,0,0,5,4" ten="268,242,317,173" oya="2" hai0="101,59,51,100,105,124,81,128,70,25,93,10,61" hai1="74,6,133,2,109,20,75,130,66,60,129,126,73" hai2="120,108,1,8,23,85,26,89,24,31,82,106,36" hai3="7,55,62,71,107,44,21,18,12,17,5,58,42"/><V9/><F36/><W96/><G71/><T111/><D111/><U57/><E109/><V15/><F106/><W14/><G107/><T37/><D37/><U56/><E133/><V87/><F108/><W0/><G96/><T84/><D128/><U27/><E126/><V43/><F120/><W115/><G0/><T86/><D124/><U114/><E114/><V116/><F116/><W119/><G119/><T52/><D25/><U132/><E132/><V16/><F43/><W118/><G118/><T69/><D105/><U35/><E35/><V79/><F1/><W91/><G91/><T64/><D70/><U67/><E2/><V123/><F123/><W76/><G76/><T95/><D95/><U50/><E6/><V99/><F99/><W30/><G30/><T47/><D69/><U78/><E78/><V102/><F102/><W22/><REACH who="3" step="1"/><G115/><REACH who="3" ten="268,242,317,163" step="2"/><T98/><D100/><U134/><E134/><V48/><F48/><AGARI ba="0,1" hai="5,7,12,14,17,18,21,22,42,44,48,55,58,62" machi="48" ten="30,12000,2" yaku="1,1,2,1,7,1,9,1,8,1,53,1" doraHai="4" doraHaiUra="49" who="3" fromWho="2" sc="268,0,242,0,317,-120,163,130" /><INIT seed="3,0,0,1,4,106" ten="268,242,197,293" oya="3" hai0="8,47,120,77,113,20,70,87,37,85,36,31,92" hai1="116,45,33,43,71,2,61,3,121,32,79,7,124" hai2="104,86,17,99,69,114,81,96,10,9,18,74,64" hai3="35,52,4,28,108,46,135,51,38,107,53,68,63"/><W72/><G107/><T58/><D120/><U25/><E121/><V109/><F114/><W24/><G4/><T117/><D70/><U57/><E71/><V34/><F34/><W90/><G38/><T67/><D117/><U39/><E116/><V44/><F109/><W40/><G108/><T73/><D73/><U132/><E132/><V16/><F74/><W93/><G72/><T27/><D113/><U133/><E133/><V49/><F64/><W60/><G135/><T19/><D47/><U12/><E124/><V110/><F69/><W95/><G95/><T125/><D125/><U5/><E79/><V22/><F22/><N who="3" m="15383" /><G68/><T80/><D87/><U62/><E62/><N who="3" m="23594" /><G35/><T23/><D67/><U112/><E112/><V102/><F99/><AGARI ba="0,0" hai="40,46,51,52,53,90,93,99" m="23594,15383" machi="99" ten="30,2900,0" yaku="8,1,54,1" doraHai="106" who="3" fromWho="2" sc="268,0,242,0,197,-29,293,29" /><INIT seed="3,1,0,2,4,52" ten="268,242,168,322" oya="3" hai0="37,135,58,118,95,133,20,81,63,17,106,73,2" hai1="47,3,19,46,112,23,8,27,45,131,127,123,107" hai2="57,119,101,128,93,28,94,125,42,40,87,54,65" hai3="126,16,115,12,35,85,61,24,74,59,33,49,68"/><W13/><G74/><T124/><D118/><U15/><E112/><V98/><F119/><W80/><G115/><T102/><D2/><U5/><E123/><V129/><F125/><W72/><G72/><T32/><D32/><U60/><E127/><V121/><F65/><W130/><G126/><T30/><D37/><U36/><E131/><N who="2" m="50251" /><F28/><W109/><G68/><T70/><D70/><U79/><E107/><V62/><F121/><W4/><G49/><T25/><D106/><U111/><E111/><V82/><F94/><W21/><G109/><T92/><D124/><U89/><E79/><AGARI ba="1,0" hai="40,42,54,57,62,79,82,87,93,98,101" m="50251" machi="79" ten="30,2000,0" yaku="19,1,52,1" doraHai="52" who="2" fromWho="1" sc="268,0,242,-23,168,23,322,0" /><INIT seed="4,0,0,5,3,121" ten="268,219,191,322" oya="0" hai0="56,96,67,41,89,61,48,44,43,24,18,15,115" hai1="69,36,95,80,65,98,14,12,127,39,3,106,73" hai2="64,135,116,57,27,113,53,120,35,114,110,119,97" hai3="84,81,9,23,131,60,109,30,133,26,82,55,66"/><T122/><D122/><U25/><E3/><V92/><F120/><W4/><G133/><T68/><D115/><N who="2" m="44042" /><F64/><W54/><G131/><T13/><D68/><U76/><E106/><V70/><F70/><W58/><G109/><T79/><D79/><U32/><E127/><V99/><F135/><W8/><G81/><T111/><D111/><U0/><E0/><V77/><F77/><W42/><G42/><T90/><D43/><U2/><E2/><V105/><F105/><W74/><G74/><T45/><D45/><U103/><E39/><V78/><F78/><N who="3" m="46167" /><G4/><T20/><D96/><N who="2" m="36938" /><F92/><W16/><G30/><T46/><D46/><U124/><E36/><V40/><F40/><W86/><G86/><T19/><REACH who="0" step="1"/><D24/><REACH who="0" ten="258,219,191,322" step="2"/><U112/><E25/><V129/><F110/><W83/><G26/><T51/><D51/><U21/><E69/><V134/><F134/><W63/><G63/><T123/><D123/><U87/><E112/><V29/><F129/><W108/><G60/><AGARI ba="0,1" hai="27,29,35,53,57,60,116,119" m="36938,44042" machi="60" ten="30,1000,0" yaku="15,1" doraHai="121" who="2" fromWho="3" sc="258,0,219,0,191,20,322,-10" /><INIT seed="5,0,0,0,3,65" ten="258,219,211,312" oya="1" hai0="110,62,97,85,96,63,49,103,109,43,48,108,130" hai1="57,15,122,25,93,42,24,29,69,61,113,88,87" hai2="86,59,47,41,119,107,106,135,56,37,1,19,31" hai3="11,0,38,95,5,44,55,72,52,75,46,89,126"/><U64/><E113/><V120/><F119/><W84/><G126/><T12/><D85/><U4/><E122/><V99/><F120/><W132/><G132/><T32/><D32/><U26/><E42/><V70/><F1/><W27/><G27/><T6/><D103/><U73/><E73/><V2/><F2/><W82/><G46/><T123/><D43/><U127/><E127/><V23/><F31/><W13/><G13/><T105/><D105/><U76/><E76/><V8/><F8/><W36/><G75/><T129/><D12/><U74/><E74/><V66/><F86/><W45/><G45/><T80/><D80/><U78/><E78/><V124/><F124/><W125/><G125/><T7/><D123/><U77/><E77/><V10/><F10/><W54/><G72/><T17/><D17/><U35/><REACH who="1" step="1"/><E57/><REACH who="1" ten="258,209,211,312" step="2"/><V91/><F135/><W14/><G44/><T34/><D109/><U104/><E104/><V112/><F112/><W60/><G38/><T133/><D133/><U94/><E94/><N who="2" m="56799" /><F59/><N who="3" m="34919" /><G36/><T121/><D121/><U118/><E118/><V53/><F106/><W92/><G0/><T100/><D100/><U79/><E79/><V58/><F107/><W40/><G40/><T50/><D110/><U115/><E115/><V30/><F58/><W116/><G116/><T134/><D108/><U131/><E131/><V90/><F56/><W3/><G3/><T16/><D134/><U39/><E39/><V71/><F37/><W101/><G95/><T114/><D114/><U51/><E51/><V83/><F41/><W67/><G67/><T81/><D130/><RYUUKYOKU ba="0,1" sc="258,-15,209,15,211,-15,312,15" hai1="4,15,24,25,26,29,35,61,64,69,87,88,93" hai3="5,11,14,54,55,82,84,89,92,101" /><INIT seed="5,1,1,5,5,86" ten="243,224,196,327" oya="1" hai0="119,16,100,109,25,74,76,93,125,57,47,38,108" hai1="45,73,51,1,52,7,69,39,90,63,78,131,40" hai2="53,55,41,11,28,111,21,32,27,120,15,83,64" hai3="31,117,133,130,5,77,112,123,50,34,113,60,110"/><U103/><E131/><V20/><F120/><W106/><G5/><T65/><D119/><U107/><E107/><V58/><F111/><W85/><G60/><T80/><D125/><U17/><E103/><V71/><F41/><W22/><G50/><T13/><D25/><U18/><E73/><V87/><F71/><W118/><G22/><T126/><D126/><U116/><E78/><V42/><F42/><W99/><G110/><T101/><D65/><N who="1" m="41151" /><E116/><N who="3" m="44650" /><G130/><T35/><D35/><U128/><E90/><N who="2" m="51583" /><F21/><W33/><G123/><T26/><D26/><U2/><E128/><V66/><F32/><N who="3" m="12395" /><G31/><T29/><D29/><U122/><E122/><V67/><F58/><W92/><G133/><T104/><D104/><U79/><E79/><V94/><F94/><W46/><G106/><T19/><D93/><U56/><E2/><V30/><F30/><W81/><G46/><T114/><D108/><U37/><E37/><V61/><F61/><W124/><G124/><T96/><D109/><U89/><E89/><AGARI ba="1,1" hai="77,81,85,89,92,99,112,113" m="12395,44650" machi="89" ten="30,2000,0" yaku="12,1,52,1" doraHai="86" who="3" fromWho="1" sc="243,0,224,-23,196,0,327,33" /><INIT seed="6,0,0,5,4,102" ten="243,201,196,360" oya="2" hai0="35,38,76,111,93,40,114,52,123,79,25,103,109" hai1="27,135,36,65,108,97,60,74,85,134,62,57,61" hai2="66,89,126,117,121,7,68,6,11,54,8,118,132" hai3="63,64,5,95,86,58,9,81,55,50,106,22,41"/><V21/><F121/><W51/><G41/><T17/><D123/><U31/><E74/><V77/><F68/><W2/><G106/><T42/><D114/><U37/><E85/><V87/><F66/><W104/><G104/><T105/><D105/><U131/><E97/><V133/><F77/><W14/><G95/><T72/><D109/><U71/><E27/><V122/><F122/><W3/><G22/><T92/><D111/><U59/><E31/><V53/><F21/><W0/><REACH who="3" step="1"/><G64/><REACH who="3" ten="243,201,196,350" step="2"/><T110/><D93/><U128/><E108/><V94/><F118/><W44/><G44/><T129/><D92/><U34/><E34/><V19/><F117/><W101/><G101/><T125/><D103/><U48/><E65/><V83/><F94/><W47/><G47/><T24/><D35/><U30/><E71/><V43/><F43/><W29/><G29/><T1/><D42/><U15/><E30/><V12/><F126/><W23/><G23/><T67/><D40/><U98/><E98/><V16/><F54/><W69/><G69/><T130/><D52/><N who="1" m="31879" /><E59/><V99/><F53/><W26/><G26/><T80/><D25/><U127/><E127/><V100/><F100/><W49/><G49/><T116/><D24/><U78/><E60/><V119/><F119/><W20/><G20/><T70/><D116/><U82/><E62/><V120/><F120/><W18/><G18/><N who="2" m="6697" /><F99/><W90/><AGARI ba="0,1" hai="0,2,3,5,9,14,50,51,55,58,63,81,86,90" machi="90" ten="30,4000,0" yaku="1,1,0,1,53,1" doraHai="102" doraHaiUra="4" who="3" fromWho="3" sc="243,-10,201,-10,196,-20,350,50" /><INIT seed="7,0,0,4,5,66" ten="233,191,176,400" oya="3" hai0="21,126,77,25,56,120,34,9,88,15,73,58,69" hai1="59,106,44,11,132,33,78,2,97,91,61,79,121" hai2="37,7,133,46,92,4,101,55,43,90,68,65,86" hai3="23,40,102,80,105,128,1,5,135,85,75,118,17"/><W13/><G118/><T84/><D69/><U60/><E121/><V51/><F133/><W52/><G128/><T95/><D34/><U122/><E122/><V125/><F125/><W22/><G75/><T103/><D126/><U28/><E33/><V99/><F65/><W63/><G40/><T108/><D108/><U130/><E28/><V82/><REACH who="2" step="1"/><F68/><REACH who="2" ten="233,191,166,400" step="2"/><W18/><G135/><T53/><D120/><U45/><E132/><V109/><F109/><W36/><G36/><T94/><D73/><U24/><E130/><V70/><F70/><W112/><G105/><T113/><D113/><U10/><E24/><V20/><F20/><W47/><G23/><T62/><D21/><U117/><E117/><V16/><F16/><W31/><G18/><T19/><D25/><U83/><E106/><V14/><F14/><W64/><G64/><T26/><D26/><U100/><E100/><V12/><F12/><W8/><G102/><T67/><D103/><U110/><E110/><V89/><F89/><W39/><G39/><T50/><D77/><N who="1" m="29195" /><E2/><V115/><F115/><W131/><G131/><T35/><D35/><U107/><E107/><V27/><F27/><W74/><G74/><T111/><D111/><U127/><E127/><V3/><F3/><W114/><G1/><T0/><D0/><U87/><E97/><V57/><AGARI ba="0,1" hai="4,7,37,43,46,51,55,57,82,86,90,92,99,101" machi="57" ten="20,5200,0" yaku="1,1,0,1,7,1,53,1" doraHai="66" doraHaiUra="81" who="2" fromWho="2" sc="233,-13,191,-13,166,62,400,-26" owari="220,-18.0,178,-32.0,228,3.0,374,47.0" /></mjloggm>