<mjloggm ver="2.3"><GO type="169" lobby="0"/><UN n0="%E3%83%A2%E3%83%AD%E3%83%98%E3%82%A4%E3%83%A4" n1="%E6%B2%96%EF%BC%92%EF%BC%99" n2="%E6%9C%A8%E5%8E%9F%E8%B1%AA%E4%B8%80" n3="%E3%81%B5%E3%81%BF%4B%55%4E" dan="16,17,17,16" rate="2056.79,2172.21,2146.97,2094.63" sx="M,M,M,M"/><TAIKYOKU oya="0"/><INIT seed="0,0,0,0,3,78" ten="250,250,250,250" oya="0" hai0="72,117,36,74,60,40,66,113,67,119,103,39,98" hai1="127,13,27,81,6,47,8,120,22,73,114,77,16" hai2="71,105,122,62,34,0,76,33,102,15,4,79,89" hai3="35,107,52,7,31,43,1,123,61,131,86,94,106"/><T124/><D113/><U95/><E127/><V50/><F122/><W135/><G135/><T28/><D124/><U121/><E114/><V125/><F125/><W109/><G109/><T116/><D67/><U45/><REACH who="1" step="1"/><E95/><REACH who="1" ten="250,240,250,250" step="2"/><V134/><F105/><W5/><G107/><N who="0" m="63991" /><D28/><U19/><E19/><V93/><F93/><W3/><G106/><T101/><D101/><U14/><E14/><V20/><F15/><W132/><G94/><T41/><D41/><U49/><E49/><V112/><F102/><W92/><G92/><T48/><D48/><U65/><E65/><V12/><F50/><W59/><G123/><AGARI ba="0,1" hai="6,8,13,16,22,27,45,47,73,77,81,120,121,123" machi="123" ten="40,8000,1" yaku="1,1,52,1,54,1,53,1" doraHai="78" doraHaiUra="2" who="1" fromWho="3" sc="250,0,240,90,250,0,250,-80" /><INIT seed="1,0,0,5,1,129" ten="250,330,250,170" oya="1" hai0="22,10,51,34,115,49,121,94,54,134,36,23,0" hai1="99,106,31,135,114,113,68,65,92,70,8,4,37" hai2="104,76,77,80,90,86,42,12,89,29,66,103,9" hai3="63,45,101,74,28,11,75,64,78,67,72,93,59"/><U95/><E37/><V15/><F66/><W57/><G28/><T30/><D36/><U85/><E106/><V71/><F71/><W88/><G101/><T35/><D115/><U116/><E116/><V53/><F42/><W43/><G11/><T58/><D121/><U5/><E31/><V69/><F69/><W87/><G78/><T123/><D123/><U26/><E26/><V25/><F15/><W2/><G2/><T98/><D51/><U83/><E65/><V97/><F77/><W21/><G21/><T41/><D41/><U122/><E122/><V127/><F127/><W105/><G105/><T133/><D23/><U82/><E85/><V110/><F53/><W112/><G112/><T20/><D20/><U119/><E8/><V96/><F96/><W111/><G111/><T27/><D10/><U128/><E99/><V47/><F47/><W13/><G13/><T102/><REACH who="0" step="1"/><D0/><REACH who="0" ten="240,330,250,170" step="2"/><U126/><E119/><V44/><F110/><W32/><G32/><AGARI ba="0,1" hai="22,27,30,32,34,35,49,54,58,94,98,102,133,134" machi="32" ten="40,8000,1" yaku="1,1,2,1,52,2,53,0" doraHai="129" doraHaiUra="39" who="0" fromWho="3" sc="240,90,330,0,250,0,170,-80" /><INIT seed="2,0,0,5,1,61" ten="330,330,250,90" oya="2" hai0="55,126,24,68,120,133,54,83,128,104,43,35,71" hai1="62,65,93,75,59,92,17,129,34,18,73,26,102" hai2="80,63,58,131,85,45,123,124,105,76,42,10,95" hai3="51,87,107,113,66,33,121,16,94,69,30,56,64"/><V82/><F123/><W84/><G107/><T49/><D104/><U5/><E129/><V13/><F131/><W14/><G121/><T106/><D128/><U109/><E109/><V130/><F130/><W99/><G113/><T40/><D106/><U122/><E122/><V74/><F105/><W60/><G33/><T110/><D120/><U27/><E5/><V48/><F124/><W47/><G30/><T57/><D24/><U52/><E34/><V0/><F0/><W39/><G39/><T8/><D8/><U11/><E73/><V32/><F32/><W1/><G1/><T101/><D83/><U91/><E75/><V25/><F25/><N who="1" m="9225" /><E11/><V19/><F95/><W134/><G134/><T90/><D90/><U22/><E102/><V79/><F74/><W38/><G38/><T72/><D101/><U108/><E108/><V6/><F80/><W89/><G69/><T117/><D72/><U127/><E127/><V100/><F100/><W41/><REACH who="3" step="1"/><G66/><REACH who="3" ten="330,330,250,80" step="2"/><T50/><D35/><U112/><E112/><V9/><F79/><W125/><G125/><T96/><D126/><U115/><E115/><V103/><F103/><W114/><G114/><T119/><D110/><U97/><E93/><V21/><REACH who="2" step="1"/><F6/><REACH who="2" ten="330,330,240,80" step="2"/><W12/><G12/><T78/><D133/><U98/><E92/><V111/><F111/><W135/><G135/><T77/><D96/><U31/><E97/><V118/><F118/><W2/><G2/><T37/><D37/><U28/><E98/><V36/><F36/><W46/><G46/><T132/><D132/><U15/><E91/><V29/><F29/><RYUUKYOKU ba="0,2" sc="330,10,330,-30,240,10,80,10" hai0="40,43,49,50,54,55,57,68,71,77,78,117,119" hai2="9,10,13,19,21,42,45,48,58,63,76,82,85" hai3="14,16,41,47,51,56,60,64,84,87,89,94,99" /><INIT seed="2,1,2,5,0,45" ten="340,300,250,90" oya="2" hai0="91,107,96,114,121,41,134,126,103,87,36,127,18" hai1="32,31,113,28,77,108,15,46,116,75,27,19,125" hai2="92,24,88,37,58,128,8,105,93,66,4,102,54" hai3="6,135,11,72,98,16,56,85,68,100,122,35,49"/><V74/><F37/><W26/><G72/><T78/><D36/><U5/><E108/><V112/><F112/><W118/><G68/><T1/><D41/><U104/><E116/><V101/><F105/><W40/><G118/><T117/><D1/><U82/><E104/><V52/><F74/><W55/><G122/><T47/><D47/><U71/><E71/><V61/><F128/><W67/><G135/><T44/><D44/><U33/><E113/><V13/><F24/><W84/><G67/><T73/><D117/><U20/><E125/><N who="0" m="47625" /><D18/><U48/><E5/><V38/><F38/><W25/><G35/><T43/><D43/><U132/><E132/><V57/><F93/><W109/><G109/><T123/><D114/><U62/><E62/><N who="2" m="36135" /><F66/><W69/><G69/><T89/><D134/><U70/><E70/><V65/><F65/><W111/><G40/><T99/><D99/><AGARI ba="1,2" hai="4,8,13,54,58,61,88,92,99,101,102" m="36135" machi="99" ten="30,5800,0" yaku="8,1,54,2" doraHai="45" who="2" fromWho="0" sc="340,-61,300,0,250,81,90,0" /><INIT seed="2,2,0,2,1,50" ten="279,300,331,90" oya="2" hai0="85,37,28,10,4,35,44,75,42,53,101,110,22" hai1="57,54,66,102,43,63,133,94,30,86,60,111,36" hai2="26,131,125,124,83,52,80,15,91,24,21,27,126" hai3="127,68,99,132,51,19,49,81,1,129,11,74,121"/><V130/><F15/><W29/><G121/><T88/><D35/><U87/><E87/><BYE who="1" /><UN n1="%E6%B2%96%EF%BC%92%EF%BC%99" /><V23/><F91/><W32/><G68/><T16/><D75/><U117/><E111/><V78/><F52/><W34/><G129/><N who="2" m="49161" /><F78/><W105/><G127/><T47/><D28/><U128/><E117/><V82/><AGARI ba="2,0" hai="21,23,24,26,27,80,82,83,124,125,126" m="49161" machi="82" ten="50,18000,2" yaku="29,2,28,2,18,1,19,1" doraHai="50" who="2" fromWho="2" sc="279,-62,300,-62,331,186,90,-62" /><INIT seed="2,3,0,2,2,21" ten="217,238,517,28" oya="2" hai0="16,87,54,43,101,102,60,42,90,38,33,114,25" hai1="111,14,124,120,49,32,96,135,30,37,34,80,27" hai2="97,133,52,6,100,91,109,58,4,59,93,106,31" hai3="41,107,75,134,81,62,73,104,113,99,68,89,82"/><V22/><F133/><W55/><G41/><N who="0" m="15371" /><D33/><U64/><E64/><V129/><BYE who="1" /><F129/><W9/><G68/><T131/><D38/><U115/><E115/><V103/><F59/><W35/><G35/><T92/><D114/><U85/><E85/><UN n1="%E6%B2%96%EF%BC%92%EF%BC%99" /><V45/><F45/><W1/><G62/><T123/><D123/><U5/><E37/><V66/><F66/><W7/><G55/><T108/><D108/><U116/><E116/><V20/><BYE who="1" /><F109/><W126/><G134/><T117/><D131/><U95/><E95/><V65/><F65/><W88/><G126/><T121/><D117/><U50/><E50/><N who="2" m="30999" /><F106/><N who="3" m="40491" /><G9/><T122/><D122/><U12/><E12/><V36/><F36/><W0/><G7/><N who="2" m="2601" /><F22/><W26/><G113/><T69/><D69/><U84/><E84/><V61/><F61/><W78/><G26/><AGARI ba="3,0" hai="20,26,31,91,93,97,100,103" m="2601,30999" machi="26" ten="30,5800,0" yaku="8,1,52,1,54,1" doraHai="21" who="2" fromWho="3" sc="217,0,238,0,517,67,28,-67" owari="217,-18.0,238,4.0,584,68.0,-39,-54.0" /></mjloggm>