<mjloggm ver="2.3"><GO type="169" lobby="0"/><UN n0="%43%6C%69%6F" n1="%58%E7%8C%AB" n2="%74%61%74%61%6B%75%79%61" n3="%E3%81%B5%E3%81%BF%4B%55%4E" dan="16,16,17,16" rate="2035.25,2125.02,2161.85,2079.48" sx="M,M,M,M"/><TAIKYOKU oya="0"/><INIT seed="0,0,0,4,3,13" ten="250,250,250,250" oya="0" hai0="90,23,77,9,50,4,45,58,125,11,118,117,94" hai1="7,110,73,17,70,121,26,29,55,71,39,113,37" hai2="84,91,111,134,75,30,119,51,48,12,114,82,47" hai3="83,25,66,3,127,69,44,5,46,135,76,62,8"/><T89/><D125/><U0/><E110/><V40/><F114/><W99/><G127/><T53/><D77/><U6/><E121/><V59/><F111/><W87/><G135/><T31/><D89/><U42/><E113/><V74/><F119/><W131/><G131/><T109/><D109/><U101/><E73/><V128/><F30/><W60/><G60/><T34/><D9/><U122/><E101/><V2/><F2/><W24/><G99/><T68/><D68/><U56/><E122/><V93/><F128/><W15/><G3/><T22/><BYE who="1" /><D34/><U79/><E79/><V38/><F134/><W106/><G106/><T103/><D103/><U61/><E61/><V129/><F38/><W133/><G133/><T14/><D45/><U49/><E49/><V64/><F129/><W72/><G72/><T102/><D102/><U18/><E18/><V105/><F105/><W27/><AGARI ba="0,0" hai="5,8,15,24,25,27,44,46,62,66,69,76,83,87" machi="27" ten="30,1100,0" yaku="0,1" doraHai="13" who="3" fromWho="3" sc="250,-5,250,-3,250,-3,250,11" /><INIT seed="1,0,0,4,5,90" ten="245,247,247,261" oya="1" hai0="47,87,102,53,8,11,133,57,119,42,52,92,86" hai1="31,95,131,127,126,106,101,72,68,16,59,128,135" hai2="115,80,116,66,122,28,124,1,82,21,50,78,67" hai3="89,81,132,73,41,36,55,97,23,118,103,51,107"/><U130/><E130/><V117/><F1/><W79/><G36/><T65/><D119/><U75/><E75/><V6/><F122/><W121/><G121/><T120/><D120/><U70/><E70/><V76/><F6/><W39/><G39/><T35/><D35/><U71/><E71/><V14/><F124/><W109/><G109/><T30/><D133/><U88/><E88/><V60/><F115/><W96/><G41/><T38/><D30/><U134/><E134/><V26/><F50/><W100/><G23/><T9/><D65/><U13/><E13/><V105/><F105/><W15/><G15/><T5/><D5/><U62/><E62/><V27/><F14/><W18/><G18/><T91/><D57/><U61/><E61/><V4/><F4/><W98/><G55/><T34/><D34/><U58/><E58/><V125/><F125/><W69/><G51/><T40/><D40/><U64/><E64/><V25/><F25/><W94/><G69/><T44/><D44/><U110/><E110/><V114/><F60/><W74/><G132/><T123/><D123/><U113/><E113/><V45/><F114/><W85/><G118/><T54/><REACH who="0" step="1"/><D102/><REACH who="0" ten="235,247,247,261" step="2"/><U7/><E7/><V99/><F28/><W108/><G108/><T24/><D24/><U43/><E43/><V83/><F45/><W111/><G111/><T3/><D3/><U19/><E19/><N who="2" m="12607" /><F27/><W22/><G22/><T0/><D0/><U93/><E93/><AGARI ba="0,1" hai="73,74,79,81,85,89,93,94,96,97,98,100,103,107" machi="93" ten="30,16000,3" yaku="7,1,35,6,52,2" doraHai="90" who="3" fromWho="1" sc="235,0,247,-160,247,0,261,170" /><INIT seed="2,0,0,1,2,45" ten="235,87,247,431" oya="2" hai0="43,126,116,101,75,40,5,89,121,63,133,107,108" hai1="104,67,0,30,97,80,117,59,106,91,84,124,7" hai2="96,77,69,68,11,122,37,82,55,32,36,19,51" hai3="112,50,95,22,74,86,135,65,24,34,66,73,102"/><V90/><F32/><W64/><G34/><T31/><D116/><U134/><E134/><V48/><F122/><W110/><G110/><T17/><D121/><U49/><E49/><V39/><F96/><W109/><G109/><T60/><D108/><U46/><E46/><V118/><F118/><W54/><G135/><T23/><D133/><UN n1="%58%E7%8C%AB" /><U113/><E117/><V115/><F115/><W92/><G112/><T131/><D75/><U88/><E113/><V105/><F105/><W47/><G92/><T13/><D131/><U76/><E124/><V4/><F90/><W71/><G71/><T15/><D126/><U94/><E30/><V87/><F19/><W103/><G103/><T20/><D107/><U28/><E28/><V53/><F55/><W72/><G102/><T125/><D101/><U27/><E27/><V70/><REACH who="2" step="1"/><F53/><REACH who="2" ten="235,87,237,431" step="2"/><W16/><G95/><T25/><D125/><U44/><E91/><V10/><F10/><W83/><REACH who="3" step="1"/><G86/><REACH who="3" ten="235,87,237,421" step="2"/><T127/><D127/><U41/><E104/><V38/><N who="2" m="9216" /><DORA hai="29" /><V111/><F111/><W128/><G128/><T79/><D89/><U93/><E106/><V132/><F132/><W9/><G9/><N who="0" m="4271" /><D79/><AGARI ba="0,2" hai="16,22,24,47,50,54,64,65,66,72,73,74,79,83" machi="79" ten="40,5200,0" yaku="1,1,52,1,54,1,53,0" doraHai="45,29" doraHaiUra="26,129" who="3" fromWho="0" sc="235,-52,87,0,237,0,421,72" /><INIT seed="3,0,0,4,4,101" ten="183,87,237,493" oya="3" hai0="134,42,9,48,91,112,44,79,69,68,15,27,103" hai1="20,107,71,47,110,120,53,11,40,78,61,59,109" hai2="6,128,10,2,25,0,63,94,49,64,80,102,125" hai3="54,35,131,58,19,75,3,123,67,108,62,132,126"/><W70/><RYUUKYOKU type="yao9" ba="0,0" sc="183,0,87,0,237,0,493,0" hai3="3,19,35,54,58,62,67,70,75,108,123,126,131,132" /><INIT seed="3,1,0,1,2,83" ten="183,87,237,493" oya="3" hai0="18,120,128,29,6,59,34,60,31,122,89,134,43" hai1="14,48,41,47,49,85,51,74,130,20,93,39,108" hai2="57,37,80,111,67,129,58,22,19,25,86,112,50" hai3="78,8,116,65,15,26,84,46,24,119,135,28,90"/><W124/><G135/><T105/><D134/><U64/><E74/><V95/><F37/><W101/><G124/><T99/><D128/><U117/><E117/><V66/><F111/><W100/><G78/><T40/><D6/><U133/><E133/><V42/><F112/><W82/><G65/><N who="2" m="24585" /><F95/><W94/><G26/><T114/><D60/><U77/><E130/><V87/><F129/><W79/><G116/><T3/><D59/><N who="2" m="22538" /><F80/><W123/><G46/><AGARI ba="1,0" hai="19,22,25,42,46,50,86,87" m="22538,24585" machi="46" ten="30,3900,0" yaku="8,1,52,2" doraHai="83" who="2" fromWho="3" sc="183,0,87,0,237,42,493,-42" /><INIT seed="4,0,0,2,2,40" ten="183,87,279,451" oya="0" hai0="86,66,103,88,84,72,58,77,105,51,112,134,2" hai1="128,129,36,68,62,23,48,31,89,85,120,127,29" hai2="32,123,8,63,21,133,13,102,52,17,6,111,117" hai3="24,99,74,61,27,42,14,28,91,1,26,22,90"/><T124/><D2/><U107/><E120/><V55/><F123/><W97/><G74/><T109/><D66/><U47/><E107/><V122/><F122/><W95/><G42/><T75/><D58/><U43/><E127/><V118/><F32/><W83/><G1/><T113/><D51/><U44/><E62/><V10/><F111/><W0/><G0/><T82/><D124/><U131/><E68/><V4/><F133/><W35/><G61/><T57/><D57/><U79/><E79/><V64/><F102/><W108/><G108/><T19/><D19/><U119/><E119/><N who="2" m="45579" /><F8/><W3/><G3/><T9/><D9/><U56/><E56/><N who="2" m="36967" /><F4/><W115/><G14/><AGARI ba="0,0" hai="6,10,13,14,17,21,52,55" m="36967,45579" machi="14" ten="30,2000,0" yaku="12,1,54,1" doraHai="40" who="2" fromWho="3" sc="183,0,87,0,279,20,451,-20" /><INIT seed="5,0,0,0,0,115" ten="183,87,299,431" oya="1" hai0="90,39,89,97,6,16,86,33,69,99,81,32,27" hai1="42,73,28,134,82,123,9,135,31,127,72,15,67" hai2="124,50,111,120,126,25,11,59,57,91,132,40,94" hai3="53,52,23,112,130,92,17,77,43,2,85,114,88"/><U56/><E123/><V60/><F120/><W109/><G2/><T79/><D39/><U68/><E68/><V116/><F111/><W104/><G130/><T54/><D69/><U102/><E102/><V110/><F110/><W119/><G119/><T105/><D6/><U80/><E42/><V125/><F132/><N who="1" m="50729" /><E127/><V58/><F11/><W18/><G18/><T5/><D5/><N who="1" m="3503" /><E67/><V71/><F25/><W19/><G43/><T76/><D54/><N who="3" m="21097" /><G104/><T4/><D4/><U108/><E108/><V61/><F116/><W107/><G107/><T101/><D32/><U118/><E56/><V35/><F35/><W8/><G8/><T41/><D41/><U74/><E118/><V133/><F133/><W36/><G36/><T129/><D129/><U55/><E55/><V122/><F122/><W106/><G106/><T78/><D33/><U98/><E98/><N who="2" m="57695" /><F71/><W12/><G109/><T21/><D97/><U10/><E10/><V131/><F131/><W0/><G112/><T66/><D66/><U38/><E38/><V13/><F13/><W20/><G0/><T64/><D64/><U34/><E34/><V3/><F3/><W1/><G1/><T84/><D84/><U96/><E96/><V83/><F40/><W46/><G114/><T45/><D45/><U26/><E26/><V22/><F125/><W113/><G46/><T37/><D37/><U44/><E44/><V70/><F70/><W128/><G113/><T87/><D87/><U117/><E117/><V62/><F124/><W48/><G128/><T47/><D47/><U14/><E14/><V121/><F126/><RYUUKYOKU ba="0,0" sc="183,15,87,15,299,-15,431,-15" hai0="16,21,27,76,78,79,81,86,89,90,99,101,105" hai1="28,31,72,73,74,80,82" /><INIT seed="5,1,0,5,0,132" ten="198,102,284,416" oya="1" hai0="104,97,7,34,43,23,68,90,119,30,11,25,41" hai1="100,134,105,5,29,12,99,128,63,10,61,56,75" hai2="116,86,47,76,20,113,28,60,36,135,8,33,102" hai3="66,24,39,125,108,129,22,21,127,44,73,110,114"/><U15/><E134/><V62/><F33/><W94/><G73/><T58/><D68/><U17/><E128/><V45/><F116/><W2/><G2/><T27/><D119/><U40/><E75/><V52/><F102/><W35/><G129/><T16/><D58/><U70/><E40/><V92/><F135/><W57/><G114/><T107/><D90/><U69/><E29/><V79/><F36/><W1/><G1/><T54/><D54/><U71/><REACH who="1" step="1"/><E56/><REACH who="1" ten="198,92,284,416" step="2"/><V111/><F28/><W80/><G57/><T65/><D43/><U74/><E74/><V55/><F113/><W31/><G108/><T6/><D41/><U49/><E49/><V95/><F111/><W32/><G110/><T64/><D30/><U0/><E0/><V46/><F47/><W81/><G44/><T83/><D34/><U101/><E101/><V19/><F46/><W96/><G32/><T130/><D130/><U4/><E4/><V117/><F45/><W89/><G39/><T133/><D7/><U115/><E115/><V87/><F117/><W84/><G66/><T67/><D6/><U122/><E122/><V78/><F19/><W42/><G42/><T48/><D16/><U59/><E59/><V18/><F62/><W9/><G35/><T85/><D65/><U106/><E106/><V88/><F60/><W103/><G31/><T91/><D67/><U13/><E13/><N who="2" m="9295" /><F8/><AGARI ba="1,1" hai="5,8,10,12,15,17,61,63,69,70,71,99,100,105" machi="8" ten="40,3900,0" yaku="1,1,53,1" doraHai="132" doraHaiUra="14" who="1" fromWho="2" sc="198,0,92,52,284,-42,416,0" /><INIT seed="5,2,0,1,1,3" ten="198,144,242,416" oya="1" hai0="125,96,2,76,19,111,65,94,58,129,90,17,73" hai1="67,34,5,126,77,24,130,70,40,11,59,68,14" hai2="29,69,121,32,44,97,18,21,22,117,104,105,60" hai3="15,112,53,109,108,123,9,85,92,115,102,13,110"/><U84/><E130/><V36/><F117/><W100/><G123/><T61/><D111/><U52/><E126/><V55/><F121/><W134/><G134/><T88/><D129/><U54/><E40/><N who="2" m="22535" /><F18/><W8/><G53/><T122/><D122/><U95/><E67/><N who="2" m="41191" /><F55/><W87/><G109/><T131/><D131/><U113/><E54/><V35/><F105/><W6/><G92/><T50/><D125/><U42/><E42/><V80/><F80/><W16/><G16/><T103/><D50/><U37/><E37/><V106/><F106/><W33/><G33/><T66/><D66/><U47/><E47/><V41/><F41/><W86/><G86/><T23/><D19/><U27/><E113/><V133/><F35/><W114/><G114/><T20/><D20/><U79/><E79/><V75/><F75/><W25/><G25/><T26/><D76/><U78/><E78/><V45/><F45/><W118/><G118/><T89/><D73/><U74/><E74/><V10/><F10/><W28/><G28/><T71/><D71/><U51/><E27/><N who="2" m="18495" /><F133/><W46/><G46/><T7/><D90/><U62/><E62/><V30/><F30/><W64/><G64/><T98/><D96/><U48/><E48/><V116/><F116/><W1/><G1/><T127/><D127/><U135/><E135/><V82/><F82/><W49/><G49/><T99/><D99/><U132/><E132/><V43/><F43/><W83/><G83/><T81/><D81/><N who="1" m="47151" /><E95/><V31/><F31/><W4/><AGARI ba="2,0" hai="4,6,8,9,13,15,85,87,100,102,108,110,112,115" machi="4" ten="25,8000,1" yaku="0,1,22,2,52,2" doraHai="3" who="3" fromWho="3" sc="198,-22,144,-42,242,-22,416,86" /><INIT seed="6,0,0,5,5,15" ten="176,102,220,502" oya="2" hai0="84,9,22,35,58,24,41,78,113,51,54,57,32" hai1="129,125,119,114,31,130,46,89,52,107,83,81,109" hai2="26,87,1,49,39,100,77,36,104,88,123,128,97" hai3="82,47,37,65,76,21,127,13,118,133,69,96,124"/><V115/><F123/><W56/><G118/><T10/><D113/><U3/><E3/><V131/><F1/><W72/><G69/><T8/><D41/><U25/><E119/><V14/><F115/><W19/><G133/><T55/><D78/><U62/><E114/><V80/><F26/><W91/><G96/><T16/><REACH who="0" step="1"/><D84/><REACH who="0" ten="166,102,220,502" step="2"/><U67/><E109/><V75/><F39/><W42/><G124/><T2/><D2/><U29/><E125/><V135/><F36/><W112/><G127/><T60/><AGARI ba="0,1" hai="8,9,10,16,22,24,32,35,51,54,55,57,58,60" machi="60" ten="30,7900,0" yaku="1,1,0,1,52,1,54,1,53,0" doraHai="15" doraHaiUra="38" who="0" fromWho="0" sc="166,89,102,-20,220,-39,502,-20" /><INIT seed="7,0,0,4,5,1" ten="255,82,181,482" oya="3" hai0="8,109,26,77,76,0,133,16,118,2,127,86,54" hai1="5,41,114,73,106,131,38,32,46,33,31,17,95" hai2="94,70,24,117,37,63,14,23,115,98,132,101,27" hai3="62,64,7,59,111,3,45,22,119,125,84,116,92"/><W124/><G111/><T25/><D109/><U56/><E131/><V68/><F117/><W52/><G22/><T69/><D69/><U105/><E114/><V78/><F37/><W42/><G92/><T48/><D118/><N who="3" m="45097" /><G7/><T134/><D86/><U35/><E31/><V65/><F132/><N who="0" m="50794" /><D127/><N who="3" m="48713" /><G3/><N who="0" m="1067" /><D8/><U51/><E17/><V12/><F78/><N who="0" m="30314" /><D16/><U61/><E73/><V82/><F115/><W57/><G84/><T58/><AGARI ba="0,0" hai="25,26,48,54,58" m="30314,1067,50794" machi="58" ten="40,1500,0" yaku="20,1" doraHai="1" who="0" fromWho="0" sc="255,15,82,-4,181,-4,482,-7" owari="270,7.0,78,-42.0,177,-22.0,475,57.0" /></mjloggm>