<mjloggm ver="2.3"><GO type="169" lobby="0"/><UN n0="%E3%82%B7%E3%83%AD%E3%82%AF%E3%83%AD" n1="%E3%83%97%E3%83%A9%E3%83%81%E3%83%8A%E3%83%A0" n2="%E3%82%B3%E3%83%9E%E3%83%84%E3%83%9E%E3%83%84%E3%82%B3" n3="%E3%81%AF%E3%81%BF%E3%82%82%E3%82%93" dan="16,16,16,18" rate="2182.89,2156.71,2105.43,2216.56" sx="M,M,M,M"/><TAIKYOKU oya="0"/><INIT seed="0,0,0,5,4,51" ten="250,250,250,250" oya="0" hai0="2,52,29,72,1,112,122,39,109,31,63,78,8" hai1="27,79,128,135,114,113,133,21,100,76,40,117,75" hai2="82,50,90,36,0,96,125,9,77,17,32,129,84" hai3="69,57,102,65,47,37,118,62,45,83,48,58,123"/><T22/><D122/><U87/><E40/><V59/><F36/><W106/><G106/><T71/><D112/><N who="1" m="43115" /><E27/><V55/><F129/><W80/><G102/><T105/><D109/><U66/><E66/><V88/><F125/><W14/><G118/><T60/><D39/><U23/><E23/><V86/><F32/><W30/><G30/><T110/><D110/><U111/><E21/><V121/><F121/><W6/><G123/><T127/><D127/><U43/><E43/><V74/><F96/><W68/><G37/><T64/><D105/><U44/><E44/><V4/><F17/><W19/><G6/><T15/><D22/><U101/><E111/><V56/><F56/><W98/><G68/><T10/><D10/><U41/><E41/><V103/><F103/><N who="1" m="39497" /><E128/><V92/><REACH who="2" step="1"/><F74/><REACH who="2" ten="250,250,240,250" step="2"/><W12/><G58/><N who="0" m="34887" /><D29/><U120/><E75/><V16/><F16/><W108/><G19/><N who="0" m="8679" /><D31/><U89/><E120/><V53/><F53/><W11/><G108/><T49/><D49/><U25/><E117/><V33/><F33/><W35/><G35/><T116/><D116/><U73/><E73/><V7/><F7/><W119/><G119/><T134/><D2/><U42/><E42/><V67/><F67/><W107/><G48/><T130/><D130/><U97/><E97/><V104/><F104/><W26/><G107/><T70/><D1/><U126/><E126/><V24/><F24/><W13/><G65/><T85/><D72/><U94/><E25/><V131/><F131/><W81/><G26/><T54/><D71/><U5/><E5/><V46/><F46/><W115/><G69/><RYUUKYOKU ba="0,1" sc="250,-15,250,15,240,15,250,-15" hai1="76,79,87,89,94,133,135" hai2="0,4,9,50,55,59,77,82,84,86,88,90,92" /><INIT seed="1,1,1,0,0,55" ten="235,265,255,235" oya="1" hai0="38,64,31,18,62,35,91,66,102,56,63,32,96" hai1="8,129,50,27,6,120,128,30,54,7,11,72,28" hai2="43,42,87,57,71,45,119,67,83,44,15,97,19" hai3="40,33,21,17,134,109,76,94,14,124,1,26,106"/><U92/><E72/><V104/><F119/><W75/><G106/><T88/><D38/><U125/><E120/><V37/><F71/><W115/><G115/><T123/><D123/><U61/><E61/><V3/><F3/><W73/><G109/><T110/><D110/><U68/><E68/><V107/><F97/><W36/><G124/><T103/><D18/><U2/><E92/><V108/><F108/><W79/><G1/><T122/><D122/><U90/><E90/><V89/><F67/><W23/><G33/><T101/><D96/><U93/><E93/><V131/><F57/><W80/><G134/><T95/><D95/><U118/><E118/><V127/><F131/><N who="1" m="50249" /><E125/><V10/><REACH who="2" step="1"/><F127/><REACH who="2" ten="235,265,245,235" step="2"/><W117/><G117/><T58/><D35/><U20/><E2/><V34/><F34/><W60/><G75/><T4/><D4/><N who="1" m="1579" /><E30/><V86/><F86/><W126/><G73/><T41/><D32/><U85/><E85/><V116/><F116/><W16/><G126/><T29/><D102/><U52/><E54/><V111/><F111/><W84/><G84/><T47/><D41/><U100/><E100/><V69/><F69/><W113/><G40/><T81/><D81/><U49/><E52/><V5/><F5/><W99/><G80/><T121/><D121/><U135/><E135/><V39/><AGARI ba="1,2" hai="10,15,19,37,39,42,43,44,45,83,87,89,104,107" machi="39" ten="20,5200,0" yaku="1,1,0,1,7,1,9,1,53,0" doraHai="55" doraHaiUra="132" who="2" fromWho="2" sc="235,-14,265,-27,245,75,235,-14" /><INIT seed="2,0,0,2,0,5" ten="221,238,320,221" oya="2" hai0="121,74,72,12,120,126,25,11,70,88,42,115,16" hai1="122,129,34,132,110,117,32,65,4,31,78,97,38" hai2="82,48,8,64,49,105,85,130,94,84,118,13,128" hai3="80,63,62,19,90,95,89,35,2,14,111,17,91"/><V1/><F105/><W58/><G111/><T50/><D115/><U9/><E38/><V18/><F118/><W47/><G2/><T41/><D126/><U71/><E117/><V114/><F114/><W77/><G35/><T87/><D70/><U101/><E110/><V39/><F39/><W113/><G113/><T51/><D25/><U0/><E129/><N who="2" m="49771" /><F64/><W75/><G47/><T92/><D50/><U104/><E132/><V127/><F127/><W55/><G63/><T20/><D20/><U46/><E46/><V102/><F84/><W133/><G19/><T106/><D106/><U10/><E122/><V60/><F60/><W96/><REACH who="3" step="1"/><G133/><REACH who="3" ten="221,238,320,211" step="2"/><T29/><D120/><U44/><E44/><V68/><F1/><W109/><G109/><T23/><D121/><U124/><E124/><V59/><F68/><W15/><G15/><T100/><D41/><U81/><E71/><V112/><F112/><W28/><G28/><T135/><D135/><U61/><E31/><V30/><F30/><W56/><G56/><T54/><D42/><U27/><E32/><V3/><F3/><W6/><G6/><T103/><D29/><U43/><E43/><V86/><F59/><W98/><G98/><T7/><D7/><U45/><E45/><V108/><F108/><W53/><G53/><T26/><D54/><U66/><E61/><V131/><F131/><W40/><G40/><T93/><D12/><N who="1" m="5159" /><E34/><V67/><F67/><W22/><AGARI ba="0,1" hai="14,17,22,55,58,62,75,77,80,89,90,91,95,96" machi="22" ten="20,5200,0" yaku="1,1,0,1,7,1,53,1" doraHai="5" doraHaiUra="73" who="3" fromWho="3" sc="221,-13,238,-13,320,-26,211,62" /><INIT seed="3,0,0,1,5,2" ten="208,225,294,273" oya="3" hai0="35,21,67,3,63,118,20,111,115,84,25,80,117" hai1="125,105,110,127,66,87,113,114,92,6,98,17,36" hai2="104,52,57,16,37,131,69,32,97,70,95,1,4" hai3="133,126,94,47,9,89,93,53,75,112,100,8,15"/><W132/><G112/><T0/><D115/><U116/><E36/><V46/><F104/><W56/><G75/><T120/><D120/><U44/><E110/><V39/><F32/><W96/><G126/><N who="1" m="48138" /><E116/><V12/><F131/><W41/><G56/><T28/><D111/><U73/><E73/><V101/><F69/><W60/><G60/><T61/><D117/><U76/><E105/><V74/><F70/><W124/><G53/><T62/><D118/><U24/><E66/><V7/><F1/><W11/><G124/><T50/><D67/><U83/><E44/><V23/><F74/><W30/><G30/><T109/><D109/><U72/><E72/><V78/><F78/><W135/><G47/><T81/><D0/><U55/><E55/><V19/><F19/><W29/><G29/><T79/><D3/><U43/><E43/><V108/><F108/><W58/><G58/><T31/><D50/><U26/><E17/><V14/><F14/><W64/><G41/><T90/><D31/><U51/><E51/><V77/><F77/><W38/><G38/><T122/><D122/><U129/><E129/><V102/><F39/><W45/><G45/><T134/><D134/><U5/><E114/><V119/><F119/><W59/><G64/><T130/><D130/><U99/><E99/><V121/><F121/><W71/><G71/><T128/><D128/><U68/><E68/><V103/><F46/><W10/><G59/><T86/><AGARI ba="0,0" hai="20,21,25,28,35,61,62,63,79,80,81,84,86,90" machi="86" ten="30,1100,0" yaku="0,1" doraHai="2" who="0" fromWho="0" sc="208,11,225,-3,294,-3,273,-5" /><INIT seed="4,0,0,0,2,114" ten="219,222,291,268" oya="0" hai0="79,40,112,101,76,52,16,111,81,93,90,1,123" hai1="2,23,61,130,85,30,118,97,64,134,132,5,48" hai2="120,102,77,67,65,105,4,69,10,109,0,41,94" hai3="124,60,37,119,72,75,54,44,19,70,103,45,49"/><T110/><D1/><U6/><E130/><V127/><F67/><W43/><G103/><T50/><D112/><U27/><E118/><V107/><F94/><W17/><G119/><T106/><D123/><U91/><E48/><V46/><F120/><W31/><G31/><T53/><D40/><U56/><E97/><V14/><F14/><W115/><G124/><T83/><D101/><U135/><REACH who="1" step="1"/><E2/><REACH who="1" ten="219,212,291,268" step="2"/><V71/><F0/><W129/><G129/><T15/><D106/><U26/><E26/><V22/><F105/><W116/><G116/><T13/><D50/><U125/><E125/><V88/><F107/><W131/><G131/><T84/><D15/><U133/><N who="1" m="34304" /><DORA hai="51" /><U24/><E24/><V34/><F127/><W33/><G115/><T25/><D25/><U82/><AGARI ba="0,1" hai="5,6,23,27,30,56,61,64,82,85,91" m="34304" machi="82" ten="60,7900,0" yaku="1,1,0,1,20,1,53,0" doraHai="114,51" doraHaiUra="11,96" who="1" fromWho="1" sc="219,-39,212,89,291,-20,268,-20" /><INIT seed="5,0,0,1,0,116" ten="180,301,271,248" oya="1" hai0="76,106,73,14,66,72,31,37,71,122,127,114,28" hai1="68,113,47,61,89,8,44,84,85,93,64,78,12" hai2="57,133,102,69,110,134,101,38,49,115,67,99,97" hai3="132,10,111,58,59,41,3,80,53,25,24,87,112"/><U1/><E1/><V17/><F110/><W82/><G111/><T48/><D114/><U51/><E113/><V4/><F115/><W15/><G3/><T40/><D127/><U43/><E47/><V36/><F69/><W74/><G41/><T20/><D106/><U121/><E121/><V107/><F4/><W86/><G74/><T29/><D37/><U5/><REACH who="1" step="1"/><E78/><REACH who="1" ten="180,291,271,248" step="2"/><V96/><F133/><W124/><G132/><T109/><D76/><U32/><E32/><V34/><F34/><W16/><G112/><T128/><D109/><U90/><E90/><V39/><F134/><W130/><G124/><T65/><D122/><U70/><E70/><V98/><F102/><W23/><G58/><T2/><D2/><U88/><E88/><V120/><F120/><W123/><G123/><T19/><D71/><U131/><E131/><V22/><F101/><W9/><G130/><T35/><D35/><U46/><E46/><V42/><F57/><W0/><G0/><T91/><D128/><U108/><E108/><V33/><F33/><W105/><G59/><T119/><D91/><U77/><E77/><V30/><F107/><W13/><G105/><T52/><D73/><U45/><E45/><V54/><F36/><W95/><G95/><T7/><D72/><U56/><E56/><V27/><F38/><W92/><G92/><T63/><D65/><U126/><E126/><V94/><F67/><W11/><G80/><T100/><D100/><U6/><E6/><V50/><F39/><W18/><G82/><T125/><D125/><U117/><E117/><V118/><F118/><RYUUKYOKU ba="0,1" sc="180,-10,291,30,271,-10,248,-10" hai1="5,8,12,43,44,51,61,64,68,84,85,89,93" /><INIT seed="5,1,1,5,1,110" ten="170,321,261,238" oya="1" hai0="6,38,75,31,34,126,115,49,99,94,61,15,7" hai1="57,4,92,35,45,2,20,102,120,88,128,105,130" hai2="39,81,106,87,43,13,91,42,1,58,65,3,119" hai3="116,26,131,86,66,10,104,85,32,101,0,50,18"/><U79/><E35/><V46/><F119/><W98/><G131/><T111/><D111/><U121/><E79/><V71/><F106/><W113/><G116/><T114/><D38/><U51/><E57/><V17/><F71/><W90/><G66/><T63/><D75/><U96/><E20/><V93/><F42/><W53/><G0/><T40/><D126/><U56/><E56/><V112/><F112/><N who="0" m="43050" /><D31/><U84/><E4/><N who="0" m="1577" /><D15/><U117/><E2/><V36/><F36/><W55/><G113/><T122/><D122/><U37/><E37/><V48/><F81/><W72/><G72/><T62/><D34/><U54/><E117/><V134/><F134/><W14/><G32/><T64/><D64/><U24/><E24/><V118/><F118/><W44/><G26/><T123/><D123/><U108/><E108/><V52/><REACH who="2" step="1"/><F65/><REACH who="2" ten="170,321,251,238" step="2"/><W109/><G109/><T95/><D99/><U68/><E68/><V82/><F82/><W73/><G98/><T21/><D21/><AGARI ba="1,2" hai="1,3,13,17,21,39,43,46,48,52,58,87,91,93" machi="21" ten="30,8000,1" yaku="1,1,7,1,25,2,54,1,53,0" doraHai="110" doraHaiUra="29" who="2" fromWho="0" sc="170,-83,321,0,251,103,238,0" /><INIT seed="6,0,0,1,0,104" ten="87,321,354,238" oya="2" hai0="32,54,42,93,8,125,82,22,7,53,84,106,103" hai1="135,67,23,89,91,49,4,107,134,117,128,131,9" hai2="114,41,3,77,95,31,1,97,127,45,43,21,2" hai3="24,20,16,72,96,11,47,121,55,99,88,111,56"/><V122/><F122/><W102/><G111/><T15/><D106/><U101/><E117/><V65/><F114/><W38/><G72/><T86/><D32/><U34/><E34/><V58/><F127/><W5/><G121/><T108/><D108/><U29/><E67/><V110/><F77/><W39/><G47/><T130/><D130/><U0/><E49/><V113/><F113/><W123/><G99/><T90/><D125/><U133/><E101/><N who="2" m="60607" /><F45/><W64/><G64/><T27/><D42/><U37/><E37/><V79/><F79/><W57/><G57/><T44/><D44/><U61/><E61/><N who="2" m="38071" /><F110/><W85/><G123/><T92/><D103/><U28/><E107/><V73/><F73/><W70/><G70/><T98/><D98/><U50/><E50/><V126/><F126/><W116/><G116/><T14/><D14/><U12/><E0/><V119/><F119/><W33/><G33/><T118/><D118/><U30/><REACH who="1" step="1"/><E23/><REACH who="1" ten="87,311,354,238" step="2"/><V25/><AGARI ba="0,1" hai="1,2,3,21,25,31,41,43" m="38071,60607" machi="25" ten="40,2100,0" yaku="25,1" doraHai="104" who="2" fromWho="2" sc="87,-7,311,-7,354,31,238,-7" /><INIT seed="6,1,0,5,3,99" ten="80,304,385,231" oya="2" hai0="14,74,114,10,69,79,11,27,131,16,132,30,98" hai1="46,50,81,105,121,71,101,123,56,42,70,63,93" hai2="48,65,34,47,33,120,128,12,108,103,55,31,49" hai3="126,22,21,9,110,43,40,100,28,102,44,66,5"/><V67/><F120/><N who="1" m="46153" /><E81/><V87/><F128/><W8/><G110/><T54/><D69/><U84/><E84/><V86/><F31/><W124/><G66/><T59/><D131/><U38/><E93/><V51/><F108/><W73/><G73/><T125/><D125/><N who="3" m="48233" /><G9/><T85/><D132/><U61/><E101/><N who="3" m="39018" /><G28/><T64/><D114/><U7/><E7/><V3/><F67/><W106/><G106/><T6/><D74/><U20/><E20/><N who="3" m="7786" /><G44/><T0/><D64/><U89/><E105/><V104/><F104/><W13/><AGARI ba="1,0" hai="5,8,13,40,43" m="7786,39018,48233" machi="13" ten="30,7900,0" yaku="18,1,52,3" doraHai="99" who="3" fromWho="3" sc="80,-21,304,-21,385,-40,231,82" /><INIT seed="7,0,0,4,4,30" ten="59,283,345,313" oya="3" hai0="58,66,46,16,71,78,41,10,51,75,5,111,65" hai1="109,2,126,20,100,68,57,123,0,91,4,98,110" hai2="129,55,9,92,62,130,90,73,81,101,122,103,117" hai3="128,64,44,29,17,112,34,93,85,121,21,18,63"/><W97/><G121/><T43/><D111/><U56/><E123/><V50/><F122/><W104/><G112/><T47/><D78/><U38/><E38/><V26/><F117/><W14/><G128/><N who="2" m="49257" /><F62/><W134/><G134/><T24/><D75/><U61/><E68/><V42/><F42/><W88/><G44/><T12/><D71/><U13/><E126/><V70/><F70/><W59/><G34/><T94/><D94/><U89/><E20/><V135/><F135/><W124/><G124/><T6/><D6/><U96/><E13/><V99/><F26/><N who="3" m="16591" /><G104/><T22/><REACH who="0" step="1"/><D58/><REACH who="0" ten="49,283,345,313" step="2"/><U83/><E4/><V53/><F81/><N who="3" m="49199" /><G14/><T133/><D133/><U31/><E83/><V1/><F73/><W48/><G48/><AGARI ba="0,1" hai="5,10,12,16,22,24,41,43,46,47,48,51,65,66" machi="48" ten="30,8000,1" yaku="1,1,7,1,9,1,8,1,54,1,53,0" doraHai="30" doraHaiUra="87" who="0" fromWho="3" sc="49,90,283,0,345,0,313,-80" owari="139,-36.0,283,8.0,345,45.0,233,-17.0" /></mjloggm>