<mjloggm ver="2.3"><GO type="169" lobby="0"/><UN n0="%41%E7%9F%B3%E6%A9%8B" n1="%E3%83%88%E3%83%8B%E3%83%BC%E2%98%85%E5%BD%A1" n2="%E3%82%82%E3%83%BC%E3%82%8A%E3%83%BC" n3="%E4%B9%9D%E4%B8%88%E3%83%A4%E3%82%B9" dan="16,17,16,16" rate="2148.81,2140.73,2125.52,2151.74" sx="M,M,M,M"/><TAIKYOKU oya="0"/><INIT seed="0,0,0,2,5,102" ten="250,250,250,250" oya="0" hai0="115,70,17,65,75,12,118,59,117,86,93,81,64" hai1="67,15,107,103,120,110,41,14,90,11,134,46,132" hai2="27,58,97,125,20,131,121,30,40,10,48,42,114" hai3="45,85,31,99,28,23,74,61,84,32,21,52,92"/><T111/><D115/><U33/><E120/><V73/><F121/><W98/><G74/><T126/><D126/><U57/><E33/><V37/><F114/><W122/><G122/><T1/><D1/><U89/><E67/><V51/><F73/><W9/><G32/><T105/><D70/><U78/><E57/><V123/><F37/><W39/><G39/><T104/><D93/><U108/><E78/><V35/><F35/><W95/><G9/><T38/><D38/><U26/><E26/><V55/><F131/><W29/><G61/><T43/><D43/><U88/><E103/><V129/><F129/><W36/><G36/><T100/><D100/><U16/><E107/><N who="0" m="41033" /><D75/><U18/><E46/><V47/><F125/><W106/><G106/><T83/><D83/><U25/><E25/><V128/><F128/><W96/><G45/><T76/><D59/><U127/><E41/><V82/><F82/><W80/><G80/><T116/><D111/><N who="1" m="42539" /><E127/><V77/><F123/><W119/><G52/><T2/><D2/><U7/><E7/><V133/><F42/><W130/><G119/><N who="0" m="30467" /><T0/><DORA hai="49" /><D0/><U6/><E6/><V87/><F40/><W24/><G24/><T69/><D69/><U19/><E11/><V60/><F10/><W109/><G109/><T71/><D71/><U3/><E3/><V4/><F4/><W72/><G72/><T53/><D53/><U113/><E113/><V79/><F27/><W50/><G130/><T44/><D44/><U54/><E54/><V124/><F47/><W56/><G56/><T5/><D5/><U135/><AGARI ba="0,0" hai="14,15,16,18,19,88,89,90,132,134,135" m="42539" machi="135" ten="50,16000,3" yaku="5,1,29,2,28,2,20,1,14,1,54,2" doraHai="102,49" who="1" fromWho="1" sc="250,-80,250,160,250,-40,250,-40" /><INIT seed="1,0,0,1,2,55" ten="170,410,210,210" oya="1" hai0="60,133,122,45,40,44,111,20,108,58,107,97,129" hai1="32,41,114,94,14,130,125,51,82,93,3,75,73" hai2="99,21,128,85,17,64,48,116,23,34,103,53,12" hai3="131,33,30,81,88,102,63,0,124,71,117,74,61"/><U47/><E32/><V121/><F121/><W72/><G0/><T29/><D122/><U22/><E114/><V1/><F34/><W59/><G131/><T4/><D4/><U11/><E130/><V62/><F116/><W91/><G124/><T70/><D70/><U36/><E125/><V80/><F1/><W10/><G102/><N who="0" m="62927" /><D133/><U57/><E3/><V42/><F42/><W127/><G117/><T69/><D69/><U112/><E112/><V18/><F128/><W106/><G106/><T13/><D40/><U84/><E75/><V43/><F43/><W31/><G71/><T109/><D129/><U26/><E73/><V24/><F62/><W134/><G134/><T87/><D87/><U104/><E104/><V9/><F64/><W77/><G127/><T79/><D79/><N who="1" m="46175" /><E57/><N who="2" m="32935" /><F103/><W28/><G33/><T78/><D78/><U50/><E51/><V118/><F118/><W86/><G72/><T16/><D29/><N who="1" m="17623" /><E36/><V37/><F37/><W95/><G91/><T52/><AGARI ba="0,0" hai="13,16,20,44,45,52,58,60,108,109,111" m="62927" machi="52" ten="30,7900,0" yaku="14,1,52,1,54,2" doraHai="55" who="0" fromWho="0" sc="170,79,410,-39,210,-20,210,-20" /><INIT seed="2,0,0,2,3,29" ten="249,371,190,190" oya="2" hai0="117,92,25,135,121,8,61,16,4,36,30,37,27" hai1="7,53,90,96,60,83,17,131,106,5,84,133,22" hai2="134,2,125,68,65,100,74,69,79,50,126,103,77" hai3="101,42,70,78,13,19,56,127,107,112,38,51,3"/><V44/><F2/><W116/><G116/><T31/><D121/><U118/><E131/><V102/><F134/><W40/><G3/><T21/><D117/><U111/><E133/><V128/><F128/><W129/><G70/><T124/><D135/><U52/><E118/><V32/><F32/><W72/><G38/><T45/><D124/><N who="2" m="47722" /><F74/><W86/><G72/><T115/><D115/><U23/><E111/><V39/><F39/><W59/><G129/><T55/><D92/><N who="1" m="56343" /><E106/><V80/><F80/><W105/><G78/><N who="2" m="29705" /><F65/><W0/><G0/><T67/><D67/><U122/><E23/><V110/><F110/><W99/><G107/><T24/><D37/><U91/><E122/><V58/><F58/><W97/><G105/><T12/><D36/><U14/><E60/><V33/><F33/><W120/><G127/><T98/><D98/><U10/><E5/><V43/><AGARI ba="0,0" hai="43,44,50,68,69,100,102,103" m="29705,47722" machi="43" ten="40,2100,0" yaku="18,1" doraHai="29" who="2" fromWho="2" sc="249,-7,371,-7,190,21,190,-7" /><INIT seed="2,1,0,0,5,57" ten="242,364,211,183" oya="2" hai0="120,20,13,58,116,47,49,50,56,90,62,134,45" hai1="111,101,81,17,33,24,37,88,5,28,118,67,135" hai2="133,27,66,91,105,15,60,48,72,84,109,59,113" hai3="65,94,122,3,117,40,78,6,70,31,16,100,0"/><V104/><F113/><W86/><G117/><T110/><D120/><U125/><E118/><V127/><F72/><W95/><G122/><T34/><D34/><U126/><E111/><V18/><F109/><W102/><G40/><T130/><D90/><U22/><E37/><V64/><F133/><W4/><G31/><T19/><D110/><U96/><E5/><V71/><F27/><W99/><G70/><T119/><D119/><U61/><E135/><V2/><F2/><W73/><G65/><N who="0" m="39111" /><D134/><U12/><E81/><V25/><F25/><W63/><G86/><T39/><D39/><U75/><E75/><V46/><F127/><W80/><G16/><T8/><D130/><U32/><E32/><V42/><F71/><W11/><G63/><T51/><D116/><U93/><REACH who="1" step="1"/><E101/><REACH who="1" ten="242,354,211,183" step="2"/><V89/><F89/><W79/><G80/><T103/><D103/><U14/><E14/><V21/><F66/><W83/><G83/><AGARI ba="1,1" hai="15,18,21,42,46,48,59,60,64,83,84,91,104,105" machi="83" ten="30,2900,0" yaku="7,1,52,1" doraHai="57" who="2" fromWho="3" sc="242,0,354,0,211,42,183,-32" /><INIT seed="2,2,0,0,1,113" ten="242,354,253,151" oya="2" hai0="59,78,77,6,35,43,32,90,97,103,55,99,48" hai1="22,54,135,122,105,107,88,130,23,16,34,5,29" hai2="132,129,110,38,53,60,58,37,79,21,127,81,63" hai3="120,85,3,96,1,27,104,128,95,131,10,119,67"/><V19/><F127/><W64/><G120/><T61/><D6/><U111/><E111/><V20/><F110/><W46/><G104/><T44/><D35/><U126/><E126/><V98/><F132/><W116/><G85/><T84/><D32/><U101/><E135/><V7/><F7/><W66/><G27/><T80/><REACH who="0" step="1"/><D99/><REACH who="0" ten="232,354,253,151" step="2"/><U17/><E34/><V0/><F98/><W12/><G3/><T51/><D51/><U112/><E5/><V91/><F0/><W68/><G1/><T18/><D18/><U41/><E17/><V93/><F129/><N who="3" m="49739" /><G68/><T9/><D9/><U102/><E16/><V14/><F63/><W89/><G46/><T65/><D65/><U70/><E70/><V31/><F31/><W71/><G71/><T73/><D73/><U121/><E29/><V42/><F21/><W124/><G124/><T4/><D4/><AGARI ba="2,1" hai="4,10,12,64,66,67,89,95,96,116,119" m="49739" machi="4" ten="30,3900,0" yaku="19,1,52,2" doraHai="113" who="3" fromWho="0" sc="232,-45,354,0,253,0,151,55" /><INIT seed="3,0,0,0,5,43" ten="187,354,253,206" oya="3" hai0="33,116,53,35,118,115,55,44,10,111,110,67,12" hai1="103,63,27,3,46,23,101,6,31,132,20,88,131" hai2="124,95,52,72,9,112,79,11,51,32,59,135,87" hai3="64,117,84,126,61,42,40,28,39,37,50,130,49"/><W71/><G28/><T62/><D115/><U47/><E131/><V96/><F112/><W106/><G106/><T48/><D33/><U26/><E132/><V13/><F135/><W127/><G84/><T56/><D35/><U74/><E74/><V1/><F124/><N who="3" m="47659" /><G117/><N who="0" m="45163" /><D12/><U92/><E63/><V45/><F72/><W4/><G4/><T97/><D10/><U36/><E36/><N who="3" m="13898" /><G130/><T125/><D125/><U90/><E6/><V105/><F32/><W133/><G133/><T80/><D80/><U102/><E3/><V108/><F108/><N who="0" m="41514" /><D97/><N who="1" m="57479" /><E90/><N who="2" m="55415" /><F1/><W0/><G0/><T54/><AGARI ba="0,0" hai="44,48,53,54,55,56,62,67" m="41514,45163" machi="54" ten="40,8000,1" yaku="14,1,34,2,52,1" doraHai="43" who="0" fromWho="0" sc="187,80,354,-20,253,-20,206,-40" /><INIT seed="4,0,0,0,3,69" ten="267,334,233,166" oya="0" hai0="128,29,70,122,54,9,103,27,73,74,5,4,58" hai1="25,6,24,97,65,34,126,61,22,37,44,20,76" hai2="80,42,49,51,47,59,33,28,113,84,115,102,32" hai3="14,131,57,46,2,87,31,52,133,45,8,39,11"/><T107/><D70/><U50/><E126/><V23/><F102/><W36/><G31/><T55/><D122/><U38/><E34/><V66/><F23/><W112/><G112/><N who="2" m="43081" /><F28/><W95/><G2/><T75/><D128/><U63/><E6/><V68/><F68/><W96/><G131/><T13/><D5/><U30/><E76/><N who="2" m="46087" /><F66/><W18/><G11/><T134/><D134/><U19/><E97/><V53/><AGARI ba="0,0" hai="32,33,42,47,49,51,53,59" m="46087,43081" machi="53" ten="30,1100,0" yaku="15,1" doraHai="69" who="2" fromWho="2" sc="267,-5,334,-3,233,11,166,-3" /><INIT seed="5,0,0,1,4,124" ten="262,331,244,163" oya="1" hai0="113,107,75,11,53,134,29,101,98,5,23,15,52" hai1="117,59,32,128,38,122,33,85,48,82,104,4,34" hai2="96,36,90,30,2,26,18,61,120,130,99,21,49" hai3="88,114,127,44,95,66,80,28,86,123,57,0,97"/><U100/><E117/><V12/><F36/><W77/><G123/><T64/><D75/><U6/><E122/><V73/><F2/><W118/><G127/><T119/><D119/><U79/><E38/><V14/><F73/><W131/><G118/><T47/><D113/><U94/><E128/><V91/><F120/><W37/><G0/><T40/><D134/><U27/><E27/><V51/><F12/><W68/><G68/><T54/><D64/><U22/><E22/><V83/><F61/><W41/><G114/><T92/><D107/><U1/><E1/><V81/><F130/><W111/><G111/><T70/><D70/><U116/><E116/><V121/><F91/><W76/><G28/><T72/><D72/><U87/><E104/><V43/><F51/><W78/><REACH who="3" step="1"/><G131/><REACH who="3" ten="262,331,244,153" step="2"/><T93/><D29/><U42/><E34/><V17/><F30/><W3/><G3/><T74/><D74/><U20/><E33/><V63/><F121/><W110/><G110/><T71/><D71/><U84/><E32/><V125/><F125/><W115/><G115/><T132/><D132/><U58/><E82/><V65/><F83/><W16/><G16/><T109/><D109/><U69/><E69/><V129/><F81/><W31/><G31/><T39/><D93/><U8/><E94/><V105/><F18/><W89/><G89/><T24/><D24/><U45/><E4/><V46/><F26/><W7/><G7/><T135/><D135/><U126/><E6/><V25/><F25/><W102/><G102/><T133/><D133/><U112/><E126/><V13/><F90/><RYUUKYOKU ba="0,1" sc="262,15,331,-15,244,-15,153,15" hai0="5,11,15,23,39,40,47,52,53,54,92,98,101" hai3="37,41,44,57,66,76,77,78,80,86,88,95,97" /><INIT seed="6,1,1,2,5,66" ten="277,316,229,168" oya="2" hai0="53,2,133,75,59,83,62,22,135,37,126,91,112" hai1="64,11,100,24,134,104,46,78,55,52,6,87,124" hai2="84,10,94,122,34,40,99,5,128,58,21,1,92" hai3="3,76,48,23,132,56,80,81,28,119,25,116,89"/><V68/><F34/><W41/><G132/><N who="0" m="50763" /><D37/><U73/><E73/><V118/><F118/><W39/><G3/><T27/><D2/><U14/><E134/><V105/><F122/><W19/><G39/><T93/><D126/><U109/><E109/><V67/><F58/><W7/><G7/><T63/><D112/><U110/><E64/><V54/><F54/><W32/><G89/><T79/><D53/><U129/><E124/><V69/><F105/><W31/><G31/><N who="0" m="17911" /><D59/><U101/><E110/><V60/><F40/><W88/><G56/><T74/><D74/><U51/><E104/><V13/><F128/><W117/><G48/><T70/><D70/><U106/><E106/><V43/><F43/><W4/><G4/><T111/><D111/><U9/><E129/><V115/><F68/><W113/><G41/><T130/><D130/><U103/><E24/><V29/><F115/><W20/><G113/><T47/><D47/><U65/><E65/><V50/><F50/><W85/><REACH who="3" step="1"/><G19/><REACH who="3" ten="277,316,229,158" step="2"/><T121/><D121/><U72/><E51/><V131/><F131/><W38/><G38/><T57/><D57/><U86/><E46/><V90/><F1/><W108/><G108/><T127/><D127/><U36/><E36/><V107/><F29/><W114/><G114/><T71/><D71/><U45/><E45/><V97/><F69/><W30/><G30/><T123/><D123/><U17/><E17/><V26/><F5/><W0/><G0/><T120/><D120/><U49/><E6/><V35/><F90/><W8/><G8/><T95/><D91/><U12/><E11/><RYUUKYOKU ba="1,2" sc="277,15,316,-15,229,-15,158,15" hai0="62,63,75,79,83,93,95" hai3="20,23,25,28,32,76,80,81,85,88,116,117,119" /><INIT seed="7,2,2,3,0,53" ten="292,301,214,173" oya="3" hai0="52,7,112,74,32,34,60,124,68,51,90,63,78" hai1="128,133,104,15,65,91,135,0,35,3,101,10,47" hai2="77,31,119,72,21,94,93,44,127,121,126,132,116" hai3="41,4,27,75,113,103,49,23,42,71,89,2,81"/><W13/><G71/><T87/><D74/><U84/><E35/><V129/><F129/><W73/><G2/><T115/><D78/><U46/><E65/><V19/><F31/><W36/><G36/><T107/><D107/><U62/><E62/><N who="0" m="23593" /><D7/><U30/><E30/><V86/><F132/><N who="1" m="50761" /><E128/><V16/><F72/><W88/><G103/><T105/><D105/><U12/><E101/><V76/><F44/><N who="1" m="16937" /><E104/><V9/><F9/><N who="3" m="4263" /><G75/><T122/><D122/><U108/><E108/><V79/><F121/><W5/><G73/><T28/><D28/><U64/><E64/><V6/><F6/><W59/><G113/><N who="0" m="43595" /><D124/><N who="2" m="47658" /><F19/><N who="3" m="12799" /><G5/><T18/><D18/><N who="1" m="8471" /><E15/><N who="2" m="9375" /><F86/><N who="3" m="50255" /><G89/><T29/><D29/><U56/><E56/><V110/><F110/><W83/><G83/><AGARI ba="2,2" hai="0,3,83,84,91" m="8471,16937,50761" machi="83" ten="30,1000,0" yaku="20,1" doraHai="53" who="1" fromWho="3" sc="292,0,301,36,214,0,173,-16" owari="292,9.0,337,44.0,214,-19.0,157,-34.0" /></mjloggm>