<mjloggm ver="2.3"><GO type="169" lobby="0"/><UN n0="%73%61%6E%67%6F%64%64%6F" n1="%E3%83%A8%E3%82%B3%E3%83%85%E3%83%8A" n2="%E6%B2%B3%E5%B6%8B%4B%4B" n3="%42%49%47%42%4F%53%53" dan="16,17,17,16" rate="2188.92,2123.55,2171.17,2130.34" sx="M,M,M,M"/><TAIKYOKU oya="0"/><INIT seed="0,0,0,4,2,128" ten="250,250,250,250" oya="0" hai0="75,135,80,15,69,4,41,19,42,27,10,28,48" hai1="61,131,54,107,43,68,81,127,1,121,67,102,18" hai2="55,76,93,96,120,109,119,13,79,132,103,5,129" hai3="11,32,113,0,134,51,6,95,82,58,94,86,40"/><T35/><D69/><U30/><E121/><V21/><F120/><W101/><G113/><T117/><D117/><U34/><E1/><V33/><F33/><W115/><G115/><T91/><D75/><U106/><E106/><V83/><F129/><W7/><G32/><T133/><D48/><U50/><E131/><V130/><F130/><W60/><G7/><T85/><REACH who="0" step="1"/><D4/><REACH who="0" ten="240,250,250,250" step="2"/><U64/><E50/><V87/><F5/><W56/><G51/><T2/><D2/><U92/><E68/><V124/><F119/><W9/><G6/><T125/><D125/><U31/><E127/><V90/><F124/><W22/><G0/><T84/><D84/><U126/><E126/><V70/><F70/><W122/><G86/><T123/><D123/><U65/><E34/><V57/><F87/><W62/><G122/><T44/><D44/><U71/><E71/><V112/><F112/><W12/><G60/><T39/><D39/><U74/><E61/><V89/><F57/><W88/><G62/><T53/><D53/><U104/><E74/><V78/><F55/><W37/><G37/><T3/><D3/><U26/><E54/><V38/><F38/><W52/><G52/><T110/><D110/><U46/><E64/><V47/><F47/><W23/><G58/><T111/><D111/><U63/><E65/><V73/><F73/><W108/><G56/><T49/><D49/><U99/><E63/><V118/><F118/><W17/><G108/><T16/><D16/><U100/><E67/><V105/><F109/><W97/><G17/><T20/><D20/><U59/><E46/><RYUUKYOKU ba="0,1" sc="240,30,250,-10,250,-10,250,-10" hai0="10,15,19,27,28,35,41,42,80,85,91,133,135" /><INIT seed="0,1,1,5,5,52" ten="270,240,240,240" oya="0" hai0="95,78,112,35,94,67,135,96,99,34,42,117,82" hai1="98,103,15,80,89,38,37,71,102,84,6,57,61" hai2="55,72,1,87,120,16,92,100,105,21,73,74,53" hai3="86,4,48,66,59,70,0,36,124,58,118,97,39"/><T27/><D117/><U10/><E71/><V126/><F120/><W123/><G118/><T110/><D112/><U31/><E31/><V24/><F126/><W2/><G70/><T8/><D135/><U20/><E20/><V44/><F105/><W22/><G124/><T65/><D42/><U77/><E77/><V25/><F1/><W114/><G114/><T68/><D110/><U69/><E69/><V121/><F121/><W128/><G123/><T133/><D133/><U43/><E43/><V116/><F116/><W56/><G66/><T60/><D8/><U62/><E62/><V17/><F44/><W33/><G33/><T88/><D27/><U119/><E119/><V46/><F46/><W115/><G115/><T26/><D26/><U51/><E51/><V49/><F49/><W109/><G48/><T75/><REACH who="0" step="1"/><D67/><REACH who="0" ten="260,240,240,240" step="2"/><U30/><E38/><V134/><F134/><W50/><G109/><T85/><D85/><U101/><E37/><V127/><F87/><W11/><G86/><T5/><D5/><U132/><E132/><V106/><F127/><W122/><G122/><T23/><D23/><U40/><E40/><V45/><F25/><W14/><G39/><T93/><D93/><N who="1" m="58575" /><E30/><V81/><F24/><W79/><G36/><T13/><D13/><U90/><E10/><V18/><F21/><W64/><G22/><T107/><D107/><U32/><E15/><V83/><F106/><W3/><G3/><T131/><D131/><U76/><E6/><V19/><N who="2" m="4096" /><DORA hai="12" /><V104/><F104/><W91/><G0/><T41/><D41/><U125/><E125/><RYUUKYOKU ba="1,2" sc="260,30,240,-10,240,-10,240,-10" hai0="34,35,60,65,68,75,78,82,88,94,95,96,99" /><INIT seed="0,2,2,3,0,22" ten="290,230,230,230" oya="0" hai0="48,41,96,116,104,23,34,5,51,103,80,9,119" hai1="43,123,129,14,50,127,111,55,121,68,117,20,81" hai2="31,63,38,74,69,16,47,106,56,2,87,61,112" hai3="28,39,19,114,91,59,60,72,100,29,27,73,57"/><T4/><D34/><U7/><E68/><V0/><F74/><W45/><G114/><T26/><D5/><U79/><E117/><V85/><F106/><W52/><G100/><T13/><D80/><U108/><E43/><V49/><F38/><W64/><G72/><T6/><D6/><U35/><E35/><V135/><F112/><W124/><G73/><T53/><D41/><U109/><E129/><V82/><F31/><W126/><G39/><T70/><D70/><U101/><E101/><V42/><F135/><W86/><G45/><T66/><D66/><U98/><E98/><V110/><F110/><W1/><G1/><T133/><D133/><U21/><E127/><N who="3" m="48682" /><G19/><T92/><D104/><U30/><E7/><V77/><F69/><W78/><G78/><T99/><D99/><U88/><E14/><V25/><F85/><W46/><G46/><T115/><D115/><U18/><E18/><V36/><F63/><N who="3" m="36263" /><G27/><T102/><D102/><U97/><E79/><V83/><F36/><W24/><G24/><T17/><D51/><U54/><E50/><V71/><F71/><W95/><AGARI ba="2,2" hai="28,29,59,60,64,86,91,95" m="36263,48682" machi="95" ten="30,2000,0" yaku="18,1,54,1" doraHai="22" who="3" fromWho="3" sc="290,-12,230,-7,230,-7,230,46" /><INIT seed="1,0,0,2,4,35" ten="278,223,223,276" oya="1" hai0="17,46,95,114,28,80,106,93,109,119,101,36,16" hai1="67,123,120,31,57,76,10,135,9,117,68,103,20" hai2="118,44,90,75,27,85,98,56,40,96,8,18,100" hai3="37,107,74,124,127,71,33,49,4,91,42,53,52"/><U55/><E117/><V64/><F75/><W45/><G33/><T13/><D114/><U29/><E68/><V81/><F118/><W116/><G107/><T78/><D119/><U125/><E125/><N who="3" m="48202" /><G74/><T66/><D66/><U89/><E103/><V43/><F98/><W59/><G4/><T24/><D109/><U15/><E67/><V21/><F44/><N who="3" m="23631" /><G91/><T7/><D7/><U126/><E89/><V30/><F8/><W12/><G12/><T50/><D36/><U39/><E39/><V48/><F18/><W60/><G116/><T65/><D65/><U132/><E126/><V62/><REACH who="2" step="1"/><F48/><REACH who="2" ten="278,223,213,276" step="2"/><N who="3" m="28687" /><G71/><T77/><D17/><U97/><E9/><V86/><F86/><W84/><G84/><T130/><D16/><N who="1" m="8311" /><E97/><V73/><F73/><W122/><G122/><T128/><D28/><U1/><E31/><V131/><F131/><W41/><G41/><T99/><D130/><U92/><E120/><V111/><F111/><W23/><G23/><T38/><D128/><U47/><E20/><V32/><F32/><W112/><G112/><T115/><D115/><U5/><E29/><V133/><F133/><W87/><G87/><T2/><D99/><U26/><E132/><V121/><F121/><W51/><AGARI ba="0,1" hai="49,51,53,59,60" m="28687,23631,48202" machi="51" ten="30,7900,0" yaku="18,1,34,2,54,1" doraHai="35" who="3" fromWho="3" sc="278,-20,223,-39,213,-20,276,89" /><INIT seed="2,0,0,3,5,123" ten="258,184,193,365" oya="2" hai0="24,126,49,23,128,21,53,125,100,39,96,94,86" hai1="59,95,57,31,129,107,124,98,63,58,27,9,41" hai2="32,52,90,1,102,121,14,88,36,3,133,61,132" hai3="6,0,28,92,113,4,26,87,62,119,45,68,71"/><V7/><F121/><W112/><G119/><T77/><D39/><U89/><E107/><V104/><F36/><W16/><G45/><T18/><D128/><U50/><E129/><V131/><F32/><W29/><G87/><T79/><D126/><U34/><E124/><V117/><F117/><W115/><G92/><T35/><D35/><U56/><E9/><N who="2" m="4415" /><F102/><W81/><G81/><T2/><D2/><N who="2" m="522" /><F104/><W91/><G91/><T43/><D43/><U73/><E73/><V64/><F131/><W97/><G97/><T19/><D86/><U13/><E13/><V122/><F52/><W93/><G93/><T69/><D69/><U30/><E30/><V74/><F74/><W72/><G72/><T80/><D80/><U105/><E105/><V10/><F10/><W106/><G106/><T83/><D83/><U84/><E41/><V135/><F122/><W110/><G113/><T127/><D125/><U99/><REACH who="1" step="1"/><E50/><REACH who="1" ten="258,174,193,365" step="2"/><V101/><F101/><W78/><G112/><T33/><D127/><U20/><E20/><V66/><F66/><AGARI ba="0,1" hai="27,31,34,56,57,58,59,63,66,84,89,95,98,99" machi="66" ten="40,1300,0" yaku="1,1,53,0" doraHai="123" doraHaiUra="44" who="1" fromWho="2" sc="258,0,174,23,193,-13,365,0" /><INIT seed="3,0,0,5,4,89" ten="258,197,180,365" oya="3" hai0="84,131,59,24,51,127,61,96,23,37,11,40,53" hai1="34,90,106,38,126,10,101,128,77,135,109,54,103" hai2="100,36,28,7,102,46,125,29,86,55,4,98,14" hai3="72,25,99,83,113,110,1,58,3,47,27,108,41"/><W71/><G71/><T120/><D120/><U64/><E38/><V93/><F125/><W6/><G113/><T117/><D117/><U44/><E34/><V118/><F118/><W132/><G132/><T76/><D131/><U92/><E135/><V82/><F102/><W121/><G121/><T69/><D127/><U33/><E33/><V35/><F35/><W97/><G58/><T49/><D69/><U104/><E106/><V63/><F36/><W43/><G83/><T62/><D37/><U73/><E104/><V60/><F46/><W17/><G17/><T66/><D96/><U87/><E109/><V39/><F39/><W8/><G72/><T123/><D123/><U81/><E64/><V112/><F55/><W12/><G12/><T114/><D114/><U75/><E75/><V134/><F134/><W133/><G133/><T0/><D0/><U124/><E128/><V79/><F112/><W18/><G18/><T42/><D11/><U88/><E126/><V95/><F95/><W31/><G8/><T130/><D130/><U70/><E70/><V20/><F20/><W30/><G47/><N who="0" m="25847" /><D40/><U116/><E116/><V115/><F14/><W21/><G21/><T78/><D66/><U2/><E124/><V50/><F50/><W15/><G15/><T74/><D74/><U91/><E2/><V56/><F115/><W122/><G122/><T22/><D22/><U19/><E73/><V119/><F119/><W5/><AGARI ba="0,0" hai="1,3,5,6,25,27,30,31,41,43,97,99,108,110" machi="5" ten="25,4800,0" yaku="0,1,22,2" doraHai="89" who="3" fromWho="3" sc="258,-16,197,-16,180,-16,365,48" /><INIT seed="3,1,0,3,3,122" ten="242,181,164,413" oya="3" hai0="16,0,59,91,14,94,72,32,118,37,108,68,121" hai1="126,124,102,56,36,4,45,54,29,13,105,61,89" hai2="96,27,125,132,15,129,95,25,90,2,64,109,60" hai3="49,38,21,99,80,11,69,130,85,5,42,20,98"/><W135/><G38/><T34/><D118/><U12/><E29/><V111/><F2/><W86/><G69/><T22/><D68/><U7/><E89/><V134/><F15/><N who="1" m="5705" /><E102/><V101/><F125/><N who="1" m="48233" /><E105/><V127/><F129/><W128/><G80/><T76/><D37/><U23/><E23/><V10/><F10/><W113/><G11/><T104/><D0/><U131/><E131/><V9/><F9/><W24/><G24/><N who="2" m="9289" /><F101/><W40/><G49/><T63/><D104/><U77/><E77/><V74/><F74/><W78/><G78/><T115/><D72/><U97/><E97/><V110/><F127/><W73/><G73/><T81/><D76/><U88/><E88/><V8/><F8/><W82/><G82/><T70/><D81/><U41/><AGARI ba="1,0" hai="4,7,36,41,45,54,56,61" m="48233,5705" machi="41" ten="30,1100,0" yaku="18,1" doraHai="122" who="1" fromWho="1" sc="242,-4,181,14,164,-4,413,-6" /><INIT seed="4,0,0,0,4,116" ten="238,195,160,407" oya="0" hai0="46,40,80,102,130,15,42,132,123,99,111,6,94" hai1="97,131,73,22,34,47,92,113,7,51,23,16,60" hai2="129,59,82,1,105,91,25,134,98,112,44,17,18" hai3="19,4,87,93,28,37,35,57,89,83,72,108,3"/><T125/><D123/><U109/><E34/><V96/><F112/><W104/><G104/><T128/><D111/><U39/><E73/><V52/><F129/><N who="0" m="49770" /><D132/><U45/><E39/><V31/><F134/><W127/><G37/><T55/><D125/><U126/><E126/><V77/><F1/><W67/><G108/><T74/><D55/><U30/><E7/><V79/><F44/><W71/><G71/><T13/><D6/><U88/><E109/><V100/><F98/><W36/><G4/><T90/><D42/><U0/><E0/><V9/><F91/><W33/><G89/><T41/><D40/><U76/><E76/><V11/><F11/><W53/><G53/><T43/><D41/><U29/><E113/><V65/><F9/><W14/><G3/><T70/><D70/><U63/><E23/><V107/><F107/><W68/><G68/><T54/><D54/><N who="1" m="30063" /><E47/><V61/><F65/><W75/><G127/><T120/><D120/><U106/><E106/><V119/><F119/><W12/><G67/><T114/><D114/><U20/><E20/><V64/><F64/><W32/><G32/><T81/><D74/><U95/><E95/><V50/><F61/><N who="1" m="23625" /><E131/><V5/><F5/><W10/><G75/><T48/><D81/><U135/><E135/><V56/><F56/><W124/><G83/><T115/><D115/><U133/><E133/><V21/><F79/><W122/><G124/><T121/><D121/><U103/><E103/><V2/><F2/><W49/><G122/><T58/><D58/><U38/><E38/><V117/><F117/><W85/><G36/><RYUUKYOKU ba="0,0" sc="238,10,195,10,160,10,407,-30" hai0="13,15,43,46,48,80,90,94,99,102" hai1="16,22,29,30,88,92,97" hai2="17,18,21,25,31,50,52,59,77,82,96,100,105" /><INIT seed="4,1,0,5,3,46" ten="248,205,170,377" oya="0" hai0="79,114,89,129,62,42,128,34,56,43,111,97,37" hai1="65,39,110,130,55,112,124,25,82,14,93,125,23" hai2="69,22,10,92,106,50,102,2,64,19,72,131,67" hai3="29,101,99,59,32,70,66,15,76,135,28,90,9"/><T84/><D34/><U78/><E39/><V115/><F115/><W33/><G70/><T21/><D114/><U98/><E65/><V96/><F131/><N who="0" m="50250" /><D37/><U35/><E35/><V47/><F72/><W107/><G135/><T91/><D111/><U63/><E110/><V132/><F132/><W13/><G76/><T68/><D68/><U3/><E3/><V57/><F69/><W100/><G100/><T104/><D79/><U20/><E14/><V41/><F106/><W36/><G36/><T86/><D21/><U95/><E112/><V0/><F0/><W75/><G75/><T12/><D12/><U49/><E63/><V58/><F10/><W60/><G15/><T16/><D16/><N who="1" m="12423" /><E23/><V30/><F30/><W24/><G90/><N who="0" m="34315" /><D97/><U81/><E98/><V88/><F102/><W5/><G29/><T134/><D104/><U126/><E78/><V73/><F73/><W44/><G33/><T48/><D134/><U54/><E130/><V85/><F96/><W127/><G32/><T11/><D11/><U18/><E18/><V26/><F2/><W38/><G9/><T83/><D83/><U87/><E81/><V94/><F94/><N who="1" m="35849" /><E82/><V80/><F80/><W6/><G99/><T117/><D117/><U108/><E108/><V27/><F27/><W40/><G24/><T123/><D123/><U7/><E7/><V1/><F1/><W45/><G107/><T133/><D133/><U8/><E8/><V52/><F41/><N who="0" m="15370" /><D62/><U77/><E77/><V71/><F71/><W51/><G38/><T17/><D17/><U74/><E74/><V4/><F4/><RYUUKYOKU ba="1,0" sc="248,15,205,-15,170,15,377,-15" hai0="48,56,84,86" hai2="19,22,26,47,50,52,57,58,64,67,85,88,92" /><INIT seed="4,2,0,4,5,56" ten="263,190,185,362" oya="0" hai0="69,76,25,9,109,120,84,5,128,83,130,60,3" hai1="19,36,35,31,30,132,11,129,37,29,134,49,54" hai2="1,99,47,133,40,77,68,72,23,114,52,61,86" hai3="124,106,51,88,90,21,70,59,63,27,101,73,103"/><T6/><D120/><U0/><E35/><V126/><F114/><W89/><G73/><T58/><D69/><U121/><E121/><V67/><F133/><N who="1" m="51305" /><E129/><V65/><F126/><W98/><G124/><T14/><D109/><U93/><E93/><V42/><F72/><W78/><G78/><T97/><D97/><U82/><E82/><V85/><F1/><W91/><G103/><T119/><D119/><U50/><E50/><V113/><F113/><W107/><G70/><T96/><D96/><U46/><E19/><V104/><F67/><W79/><G79/><T94/><D94/><U28/><N who="1" m="7168" /><DORA hai="95" /><U105/><E105/><V108/><F108/><W15/><G107/><T18/><D25/><U22/><E22/><V102/><F23/><W87/><G51/><T123/><D123/><U12/><E12/><V33/><F33/><W110/><G15/><T2/><D2/><U116/><E116/><V45/><F77/><W125/><G125/><T117/><D117/><U17/><E17/><V135/><F135/><W92/><G110/><T57/><D6/><AGARI ba="2,0" hai="0,6,11,36,37,46,49,54" m="7168,51305" machi="6" ten="50,1600,0" yaku="20,1" doraHai="56,95" who="1" fromWho="0" sc="263,-22,190,22,185,0,362,0" /><INIT seed="5,0,0,1,0,133" ten="241,212,185,362" oya="1" hai0="20,51,79,75,77,121,84,116,113,12,16,103,111" hai1="56,29,88,87,22,102,107,134,42,76,28,72,32" hai2="109,118,57,97,7,89,46,95,91,3,94,73,126" hai3="120,125,10,54,90,39,27,70,101,129,48,69,131"/><U2/><E2/><V13/><F109/><W122/><G39/><T112/><D116/><U74/><E32/><V0/><F118/><W35/><G101/><T50/><D75/><U60/><E42/><V67/><F73/><W98/><G10/><T81/><D111/><U82/><E134/><V65/><F46/><W6/><G6/><T23/><D79/><U33/><E33/><V9/><F126/><W45/><G125/><T106/><D121/><U93/><E22/><V114/><F114/><N who="0" m="44138" /><D23/><U124/><E124/><V43/><F43/><W41/><G70/><T104/><D103/><U62/><E74/><V86/><F3/><W30/><G69/><T53/><D51/><U68/><E68/><V11/><REACH who="2" step="1"/><F57/><AGARI ba="0,0" hai="12,16,20,50,53,57,77,81,84,104,106" m="44138" machi="57" ten="30,2000,0" yaku="15,1,54,1" doraHai="133" who="0" fromWho="2" sc="241,20,212,0,185,-20,362,0" /><INIT seed="6,0,0,3,5,113" ten="261,212,165,362" oya="2" hai0="95,108,41,78,36,52,116,35,123,34,105,70,127" hai1="88,11,98,68,24,43,21,30,115,48,7,81,40" hai2="86,22,82,61,128,33,58,57,23,26,103,134,46" hai3="20,90,73,16,6,54,74,133,114,119,107,32,75"/><V92/><F128/><W59/><G32/><T10/><D108/><U9/><E68/><V77/><F134/><W4/><G107/><T96/><D105/><U13/><E115/><V62/><F33/><W29/><G29/><T100/><D123/><U28/><E28/><V87/><F46/><W17/><G133/><T120/><D120/><U38/><E38/><V104/><F104/><W129/><G114/><T15/><D70/><U1/><E48/><V93/><F103/><W126/><G129/><T14/><D14/><U71/><E71/><V125/><F125/><W97/><G119/><T99/><D99/><U80/><E80/><V84/><F84/><W101/><G90/><T106/><D106/><U53/><E53/><V117/><F117/><W83/><G83/><T69/><D69/><U18/><REACH who="1" step="1"/><E98/><REACH who="1" ten="261,202,165,362" step="2"/><V110/><F110/><W91/><G97/><T50/><D36/><U72/><E72/><V0/><F0/><W27/><G74/><T89/><D52/><U67/><E67/><N who="2" m="39343" /><F87/><AGARI ba="0,1" hai="1,7,9,11,13,18,21,24,30,40,43,81,87,88" machi="87" ten="40,2600,0" yaku="1,1,54,1,53,0" doraHai="113" doraHaiUra="60" who="1" fromWho="2" sc="261,0,202,36,165,-26,362,0" /><INIT seed="7,0,0,4,1,37" ten="261,238,139,362" oya="3" hai0="22,18,17,94,82,59,66,124,0,63,81,131,116" hai1="9,47,115,71,107,5,91,87,35,111,92,62,112" hai2="28,119,14,61,101,103,123,60,134,44,132,68,100" hai3="50,54,67,93,65,135,33,52,7,104,13,6,127"/><W25/><G104/><T83/><D0/><U45/><E35/><V102/><N who="2" m="25600" /><DORA hai="26" /><V53/><F14/><W69/><G69/><T27/><D116/><U79/><E107/><V95/><F119/><W43/><G43/><T125/><D131/><U51/><E111/><V75/><F75/><W113/><G33/><T84/><D18/><U122/><E122/><V89/><F123/><W86/><G113/><N who="1" m="43594" /><E79/><V3/><F3/><W19/><G127/><N who="0" m="48715" /><D94/><U10/><E10/><V38/><F68/><W99/><G135/><T21/><D21/><U30/><E30/><V121/><F121/><W56/><G93/><T23/><D23/><U118/><E118/><V96/><F28/><W29/><G19/><T55/><D66/><N who="1" m="41431" /><E51/><V70/><F70/><W126/><G50/><T105/><D105/><U48/><E48/><V97/><F97/><W120/><G120/><T130/><D130/><U78/><E78/><AGARI ba="0,0" hai="17,22,27,55,59,63,78,81,82,83,84" m="48715" machi="78" ten="30,1000,0" yaku="18,1" doraHai="37,26" who="0" fromWho="1" sc="261,10,238,-10,139,0,362,0" owari="271,7.0,228,-17.0,139,-36.0,362,46.0" /></mjloggm>