<mjloggm ver="2.3"><GO type="169" lobby="0"/><UN n0="%E4%B9%9D%E4%B8%88%E3%83%A4%E3%82%B9" n1="%E3%81%82%E3%81%84%E2%98%86%E3%81%BE%E3%81%84%E2%98%85%E3%81%BF%E3%83%BC" n2="%E3%82%BD%E3%83%B3%E3%82%BB%E3%82%AD" n3="%E6%9D%BE%E5%B1%8B%E3%81%8A%E3%81%98%E3%81%95%E3%82%93" dan="16,16,16,18" rate="2150.05,2075.34,2120.80,2204.74" sx="M,F,M,M"/><TAIKYOKU oya="0"/><INIT seed="0,0,0,1,3,29" ten="250,250,250,250" oya="0" hai0="74,113,40,26,120,15,125,78,12,60,44,32,105" hai1="6,54,38,69,107,56,71,81,110,126,64,36,80" hai2="98,39,9,30,116,133,94,5,91,76,43,4,55" hai3="92,134,45,18,17,25,58,52,108,77,117,99,46"/><T37/><D113/><U75/><E107/><V67/><F133/><W19/><G117/><T118/><D118/><U97/><E6/><V47/><F116/><W24/><G77/><T51/><D125/><U63/><E97/><V34/><F67/><W89/><G108/><T31/><D120/><U50/><E80/><V7/><F76/><W122/><G134/><T119/><D105/><U96/><E96/><V73/><F73/><W1/><G1/><T127/><D127/><U11/><E11/><V83/><F83/><W114/><G114/><T132/><D132/><U130/><E81/><V88/><F55/><W16/><G122/><T72/><D37/><N who="1" m="14443" /><E75/><V59/><F59/><W20/><G24/><T106/><D74/><U65/><E126/><V128/><F128/><W13/><G13/><T79/><D72/><U131/><E110/><V135/><F135/><W48/><AGARI ba="0,0" hai="16,17,18,19,20,25,45,46,48,52,58,89,92,99" machi="48" ten="30,7900,0" yaku="0,1,8,1,54,2" doraHai="29" who="3" fromWho="3" sc="250,-39,250,-20,250,-20,250,79" /><INIT seed="1,0,0,5,5,120" ten="211,230,230,329" oya="1" hai0="19,85,51,60,89,45,95,25,43,67,9,105,8" hai1="126,133,124,70,65,58,33,119,34,56,83,114,76" hai2="129,3,4,131,66,86,62,88,46,12,32,41,21" hai3="104,110,7,80,40,132,102,14,106,79,31,37,6"/><U103/><E119/><V63/><F32/><W107/><G132/><T73/><D73/><U101/><E114/><V84/><F3/><W53/><G31/><T135/><D135/><U16/><E133/><V49/><F84/><W74/><G102/><T18/><D105/><U112/><E112/><V2/><F2/><W42/><G53/><T96/><D85/><U68/><E65/><V26/><F12/><W91/><G91/><T0/><D0/><U47/><E47/><V20/><F4/><W92/><G92/><T59/><D25/><U44/><E44/><V118/><F118/><W97/><G97/><T111/><D111/><U64/><E64/><V15/><F15/><W123/><G37/><T117/><D117/><U98/><E98/><V72/><F72/><W99/><G99/><T115/><D115/><U82/><REACH who="1" step="1"/><E16/><AGARI ba="0,0" hai="8,9,16,18,19,43,45,51,59,60,67,89,95,96" machi="16" ten="40,2600,0" yaku="8,1,54,1" doraHai="120" who="0" fromWho="1" sc="211,26,230,-26,230,0,329,0" /><INIT seed="2,0,0,2,2,35" ten="237,204,230,329" oya="2" hai0="48,102,70,26,88,96,59,100,74,110,72,68,17" hai1="121,37,43,29,124,80,45,127,87,57,81,55,38" hai2="79,76,132,85,0,126,41,47,103,89,113,83,82" hai3="104,93,50,61,73,19,16,54,9,25,65,20,130"/><V42/><F113/><W53/><G104/><T12/><D110/><U117/><E29/><V133/><F126/><W92/><G73/><T63/><D26/><U4/><E117/><V111/><F111/><W14/><G130/><T101/><D48/><U135/><E38/><V32/><F32/><W49/><G65/><T44/><D44/><U125/><E135/><N who="2" m="51787" /><F103/><W123/><G61/><T98/><D74/><U67/><E67/><V122/><F122/><W99/><G123/><T10/><D72/><U78/><E121/><V23/><F23/><W94/><G99/><T114/><D114/><U95/><E81/><V75/><F79/><W71/><G71/><T84/><D70/><U24/><E24/><V33/><F33/><W134/><G134/><T66/><REACH who="0" step="1"/><D68/><REACH who="0" ten="227,204,230,329" step="2"/><U107/><E107/><V22/><F47/><N who="3" m="27839" /><G94/><AGARI ba="0,1" hai="10,12,17,59,63,66,84,88,94,96,98,100,101,102" machi="94" ten="40,5200,0" yaku="1,1,8,1,54,1,53,0" doraHai="35" doraHaiUra="28" who="0" fromWho="3" sc="227,62,204,0,230,0,329,-52" /><INIT seed="3,0,0,1,3,67" ten="289,204,230,277" oya="3" hai0="98,121,2,57,65,25,69,11,124,40,94,125,86" hai1="128,108,62,120,29,112,130,56,22,24,38,64,73" hai2="7,111,72,31,117,59,44,46,17,49,55,92,123" hai3="105,68,75,89,14,23,28,83,5,18,90,113,87"/><W114/><G68/><T74/><D121/><U126/><E120/><V118/><F123/><W88/><G75/><T39/><D74/><U34/><E112/><V26/><F72/><W71/><G71/><T1/><D86/><U58/><E108/><V36/><F111/><W85/><G105/><T4/><D1/><U19/><E73/><V127/><F127/><W33/><G5/><T20/><D40/><U99/><E38/><V13/><F7/><W135/><G135/><T133/><D39/><U54/><E126/><V102/><F36/><W103/><G103/><T48/><D133/><U134/><E134/><V16/><F117/><W15/><G15/><T129/><D129/><U82/><E82/><V81/><F81/><W45/><G45/><T80/><D80/><U10/><E10/><V51/><F118/><W0/><G0/><T79/><D79/><U42/><E42/><V107/><F107/><W63/><G63/><T104/><D104/><U9/><E9/><V50/><F102/><W3/><G3/><T97/><D69/><U66/><E99/><V12/><F92/><W37/><G37/><T131/><D97/><U21/><E34/><V27/><F31/><W100/><G100/><N who="0" m="60503" /><D131/><U35/><E35/><V53/><F50/><W43/><G43/><T78/><D78/><U60/><REACH who="1" step="1"/><E54/><REACH who="1" ten="289,194,230,277" step="2"/><V6/><F6/><W96/><G96/><T109/><D109/><U91/><E91/><N who="3" m="34890" /><G87/><T93/><D125/><U76/><E76/><V119/><F119/><W101/><G101/><T132/><D124/><U32/><E32/><V61/><F61/><W41/><G41/><RYUUKYOKU ba="0,1" sc="289,-30,194,10,230,10,277,10" hai1="19,21,22,24,29,56,58,60,62,64,66,128,130" hai2="12,13,16,17,26,27,44,46,49,51,53,55,59" hai3="14,18,23,28,33,83,85,90,113,114" /><INIT seed="3,1,1,0,4,103" ten="259,204,240,287" oya="3" hai0="125,51,107,63,44,115,5,11,54,66,41,40,90" hai1="79,96,98,16,15,29,62,4,127,30,85,60,71" hai2="100,50,49,111,9,132,80,112,133,10,91,117,93" hai3="69,121,108,73,25,101,109,7,78,42,26,61,45"/><W59/><G69/><T2/><D125/><U114/><E4/><V1/><F112/><W128/><G121/><T106/><D90/><U35/><E114/><V130/><F117/><W24/><G128/><T70/><D115/><U0/><E0/><V67/><F130/><W83/><G7/><T88/><D88/><U36/><E36/><V129/><F129/><W105/><G101/><T94/><REACH who="0" step="1"/><D94/><REACH who="0" ten="249,204,240,287" step="2"/><U102/><E127/><V124/><F91/><W3/><G3/><T113/><D113/><U75/><E75/><V76/><F93/><W118/><G118/><T53/><D53/><U65/><E79/><V27/><F124/><W72/><G72/><T17/><D17/><U57/><E85/><V86/><F86/><W23/><G105/><AGARI ba="1,2" hai="2,5,11,40,41,44,51,54,63,66,70,105,106,107" machi="105" ten="40,12000,2" yaku="1,1,52,3,53,2" doraHai="103" doraHaiUra="37" who="0" fromWho="3" sc="249,143,204,0,240,0,287,-123" /><INIT seed="4,0,0,5,0,109" ten="392,204,240,164" oya="0" hai0="98,17,3,2,55,41,10,88,106,49,56,113,12" hai1="57,33,42,92,73,74,65,48,47,62,135,35,23" hai2="18,27,111,34,45,76,63,43,24,121,125,66,36" hai3="51,50,123,128,117,77,89,15,80,71,86,31,120"/><T16/><D41/><U54/><E135/><V14/><F111/><W100/><G117/><T104/><D104/><U67/><E73/><V116/><F121/><N who="3" m="46667" /><G71/><T13/><D113/><U46/><E74/><V129/><F116/><W78/><G100/><T69/><D69/><U131/><E131/><V84/><F129/><W112/><G128/><T70/><D70/><U110/><E110/><V85/><F125/><W4/><G31/><T40/><D40/><U93/><E35/><V108/><F108/><W127/><G127/><T115/><D115/><U91/><E33/><V94/><F34/><W114/><G51/><T82/><D106/><U9/><E9/><V38/><F38/><W59/><G78/><T53/><D53/><U130/><E130/><V39/><F39/><W25/><G25/><T20/><D82/><U119/><E119/><V99/><F76/><W132/><G132/><T134/><D134/><U60/><E91/><V64/><F27/><W72/><G15/><T75/><D75/><U52/><E23/><V87/><F24/><W6/><G6/><T37/><D37/><N who="1" m="21839" /><E93/><V124/><F63/><N who="1" m="24105" /><E92/><V97/><F124/><W44/><G59/><T107/><REACH who="0" step="1"/><D88/><REACH who="0" ten="382,204,240,164" step="2"/><U21/><E54/><V61/><F94/><N who="3" m="54583" /><G4/><T101/><AGARI ba="0,1" hai="2,3,10,12,13,16,17,20,49,55,56,98,101,107" machi="101" ten="30,6000,0" yaku="1,1,0,1,54,1,53,0" doraHai="109" doraHaiUra="122" who="0" fromWho="0" sc="382,70,204,-20,240,-20,164,-20" /><INIT seed="4,1,0,4,2,21" ten="452,184,220,144" oya="0" hai0="72,49,82,122,73,11,110,28,121,66,104,120,59" hai1="40,129,128,115,12,91,124,92,107,111,6,77,14" hai2="103,50,46,15,78,71,39,1,90,119,123,10,113" hai3="29,130,57,88,106,38,3,35,51,56,44,36,127"/><T25/><D104/><U54/><E107/><V23/><F123/><W34/><G106/><T86/><D11/><U16/><E111/><V63/><F113/><W42/><G127/><T126/><D126/><U79/><E124/><V2/><F119/><W87/><G3/><T7/><D7/><U43/><E6/><V94/><F39/><W95/><G130/><N who="1" m="50282" /><E12/><V76/><F103/><W80/><G38/><T48/><D110/><U81/><E54/><V112/><F112/><W70/><G70/><T135/><D135/><U117/><E117/><V19/><F71/><W37/><G37/><T69/><D69/><U62/><E62/><V5/><F63/><W100/><G36/><T61/><D73/><N who="1" m="43183" /><E79/><V134/><F134/><W74/><G74/><T116/><D72/><U13/><E13/><V26/><F2/><W31/><G34/><T64/><D64/><U45/><E45/><V47/><F1/><W132/><G132/><T67/><D67/><U96/><E115/><V4/><F4/><W102/><G35/><T101/><D116/><U17/><E17/><V60/><F60/><W109/><G109/><T133/><D133/><U131/><E131/><V58/><F58/><N who="3" m="22635" /><G80/><T30/><D82/><U52/><E52/><N who="2" m="29783" /><F47/><W20/><G31/><T125/><D30/><U89/><E91/><V27/><F78/><W85/><G100/><T99/><D122/><U55/><E55/><V98/><F76/><W41/><G102/><T68/><D125/><U22/><AGARI ba="1,0" hai="14,16,22,40,43,89,92,96" m="43183,50282" machi="22" ten="30,2000,0" yaku="19,1,54,1" doraHai="21" who="1" fromWho="1" sc="452,-11,184,23,220,-6,144,-6" /><INIT seed="5,0,0,4,1,10" ten="441,207,214,138" oya="1" hai0="110,31,130,22,34,52,100,37,109,94,46,6,91" hai1="56,87,84,58,39,12,63,112,68,21,25,45,134" hai2="97,38,28,125,131,111,7,70,26,103,118,11,24" hai3="54,80,65,55,93,8,89,88,92,57,83,69,66"/><U50/><E39/><V76/><F111/><W17/><G69/><T42/><D34/><U73/><E73/><V13/><F118/><W105/><G105/><T32/><D32/><U107/><E107/><V106/><F38/><W101/><G8/><T117/><D117/><U29/><E68/><V102/><F125/><W9/><G9/><T41/><D41/><U99/><E112/><V60/><F131/><W61/><G17/><T35/><D35/><U67/><E99/><V108/><F108/><W48/><G101/><T90/><D90/><U82/><E58/><V122/><F122/><W33/><G33/><T1/><D100/><U104/><E104/><V59/><F102/><W116/><G116/><T128/><D91/><U43/><E134/><V96/><F96/><W36/><G36/><T86/><D94/><U14/><E87/><V121/><F121/><W72/><G72/><T95/><D86/><U27/><E27/><V85/><F28/><W47/><G89/><AGARI ba="0,0" hai="12,14,21,25,29,43,45,50,56,63,67,82,84,89" machi="89" ten="30,11600,0" yaku="7,1,8,1,52,2" doraHai="10" who="1" fromWho="3" sc="441,0,207,116,214,0,138,-116" /><INIT seed="5,1,0,4,4,12" ten="441,323,214,22" oya="1" hai0="91,49,113,41,51,86,122,30,98,9,120,131,50" hai1="80,23,8,110,71,117,31,11,95,135,105,129,90" hai2="89,44,34,82,119,128,66,99,38,65,109,70,54" hai3="72,132,107,88,76,19,64,121,18,58,4,127,134"/><U32/><E105/><V61/><F109/><W100/><G121/><N who="0" m="46699" /><D113/><U126/><E117/><V40/><F119/><W130/><G127/><T112/><D131/><U84/><E71/><V36/><F34/><W35/><G35/><T56/><D98/><U108/><E32/><V69/><F99/><N who="3" m="61855" /><G4/><T63/><D30/><U5/><E129/><V74/><F89/><W83/><G130/><T67/><D9/><U33/><E33/><V21/><F128/><W59/><G59/><T13/><D13/><U115/><E115/><V17/><F54/><W114/><G114/><T39/><D39/><U75/><E126/><V87/><F74/><W118/><G118/><T81/><D112/><U1/><E11/><V42/><F87/><N who="3" m="50303" /><G58/><T103/><D103/><U55/><E135/><N who="3" m="51754" /><G64/><T116/><D116/><U47/><E31/><V10/><F10/><W92/><G92/><T77/><D41/><U24/><E47/><V101/><F42/><W60/><G60/><T14/><D14/><U37/><E37/><V104/><F36/><W68/><G68/><T28/><D28/><N who="1" m="17439" /><E55/><V57/><F66/><W111/><G111/><T52/><D67/><U25/><E25/><V79/><F70/><W94/><G94/><T22/><D22/><U0/><E0/><V3/><F3/><W124/><G124/><T46/><D46/><U43/><E43/><V2/><F2/><W53/><G53/><T78/><AGARI ba="1,0" hai="49,50,51,52,56,63,77,78,81,86,91" m="46699" machi="78" ten="40,2700,0" yaku="13,1,54,1" doraHai="12" who="0" fromWho="0" sc="441,30,323,-14,214,-8,22,-8" /><INIT seed="6,0,0,3,4,10" ten="471,309,206,14" oya="2" hai0="16,60,97,123,66,118,114,109,42,51,1,86,23" hai1="57,41,119,75,55,89,27,22,92,121,69,85,3" hai2="111,112,14,12,43,78,49,71,127,24,76,4,25" hai3="63,125,80,104,59,128,113,91,96,106,98,84,30"/><V73/><F71/><W35/><G125/><T6/><D109/><U115/><E69/><V133/><F127/><W103/><G128/><T135/><D123/><U62/><E3/><V39/><F39/><W65/><G113/><T64/><D86/><U134/><E115/><V45/><F112/><W56/><G35/><T93/><D66/><U31/><E119/><V50/><F73/><W44/><G30/><T107/><D107/><U33/><E75/><V87/><F111/><W48/><G59/><T74/><D135/><U2/><E2/><V52/><F133/><W108/><G108/><T15/><D118/><U29/><E134/><V32/><F32/><W26/><G26/><N who="2" m="10345" /><F4/><W130/><G130/><T37/><D37/><U90/><E121/><V81/><F78/><W131/><G131/><T124/><D74/><U13/><E31/><V17/><F17/><W99/><REACH who="3" step="1"/><G106/><REACH who="3" ten="471,309,206,4" step="2"/><T100/><D124/><U58/><E33/><V28/><F28/><W34/><G34/><T68/><D114/><U9/><E57/><AGARI ba="0,1" hai="12,14,43,45,49,50,52,57,76,81,87" m="10345" machi="57" ten="30,11600,0" yaku="8,1,52,2,54,1" doraHai="10" who="2" fromWho="1" sc="471,0,309,-116,206,126,4,0" /><INIT seed="6,1,0,2,4,2" ten="471,193,332,4" oya="2" hai0="40,58,125,85,7,118,130,21,102,10,75,65,73" hai1="120,106,22,61,45,34,49,81,19,43,104,114,41" hai2="46,9,13,24,91,93,32,25,38,53,116,101,135" hai3="27,79,87,59,74,16,29,78,18,110,131,107,132"/><V69/><F116/><W20/><G110/><T83/><D130/><U97/><E34/><V76/><F135/><W55/><G107/><T60/><D125/><U63/><E114/><V6/><F69/><W98/><G131/><T129/><D102/><U30/><E30/><V17/><F76/><N who="3" m="29227" /><G74/><T3/><D40/><U70/><E81/><V117/><F117/><W0/><G0/><T72/><D129/><U133/><E133/><V66/><F101/><W15/><G132/><T86/><D83/><U80/><E80/><V44/><F66/><W35/><G35/><T33/><D33/><U47/><E120/><V82/><F82/><W77/><N who="3" m="29235" /><W99/><DORA hai="64" /><G87/><T5/><D5/><U39/><E97/><N who="3" m="36874" /><G15/><T96/><D96/><U90/><E90/><V123/><F123/><W36/><G36/><T4/><D75/><U109/><E109/><V119/><F119/><W124/><G124/><T103/><D73/><U134/><E70/><V23/><F38/><W28/><G28/><T84/><D72/><U92/><E134/><V42/><F42/><W100/><G100/><T51/><D103/><U108/><E108/><V57/><F32/><W31/><G31/><T94/><D3/><U52/><E43/><V89/><F25/><W88/><G88/><N who="2" m="33865" /><F93/><W12/><G12/><T105/><D94/><U112/><E92/><V113/><F113/><W48/><AGARI ba="1,0" hai="16,18,20,27,29,48,55,59" m="36874,29235" machi="48" ten="40,2700,0" yaku="8,1,54,1" doraHai="2,64" who="3" fromWho="3" sc="471,-8,193,-8,332,-14,4,30" /><INIT seed="7,0,0,4,4,115" ten="463,185,318,34" oya="3" hai0="66,113,93,3,7,111,11,133,63,15,119,43,5" hai1="58,125,68,59,80,34,73,105,82,104,129,60,124" hai2="91,35,45,29,42,2,77,57,90,46,47,33,92" hai3="62,8,130,135,38,13,32,22,54,101,110,55,48"/><W98/><G135/><T109/><D119/><U94/><E34/><V121/><F2/><W50/><G130/><T134/><D113/><U103/><E68/><V126/><F126/><N who="1" m="48745" /><E58/><V37/><F121/><W65/><G38/><T86/><D43/><U76/><E82/><V127/><F127/><W99/><G22/><T97/><D86/><U9/><E129/><V122/><F122/><W85/><G32/><T112/><D7/><U107/><E9/><V117/><F117/><W24/><G24/><T75/><D15/><U70/><E70/><V64/><F77/><W78/><G110/><T79/><D79/><U31/><E31/><V61/><F90/><W102/><G85/><T1/><D1/><U83/><E83/><V106/><F106/><W6/><G78/><T26/><D26/><U16/><E16/><V67/><F67/><W74/><G74/><T114/><D75/><U41/><E41/><V17/><F33/><W18/><G18/><T40/><D40/><U52/><E94/><V100/><F100/><AGARI ba="0,0" hai="52,59,60,73,76,80,100,103,104,105,107" m="48745" machi="100" ten="40,2600,0" yaku="18,1,54,1" doraHai="115" who="1" fromWho="2" sc="463,0,185,26,318,-26,34,0" owari="463,57.0,211,-19.0,292,9.0,34,-47.0" /></mjloggm>