<mjloggm ver="2.3"><GO type="169" lobby="0"/><UN n0="%E5%A4%95%E5%87%AA" n1="%6D%69%6E%64%6D%61%70" n2="%E3%81%BF%E3%81%8B%E3%82%93%E5%A4%AA" n3="%65%76%67%6F%6D%65%73%31" dan="19,16,17,16" rate="2206.78,2115.26,2179.76,2075.71" sx="M,M,M,M"/><TAIKYOKU oya="0"/><INIT seed="0,0,0,3,5,42" ten="250,250,250,250" oya="0" hai0="12,26,97,64,21,81,67,132,65,24,2,125,84" hai1="19,94,108,133,3,48,61,118,6,128,45,88,107" hai2="114,115,32,77,8,80,110,90,0,39,70,116,16" hai3="38,57,111,134,72,131,17,78,66,46,105,96,44"/><T62/><D2/><U100/><E118/><V74/><F70/><W56/><G72/><T113/><D113/><U91/><E107/><V31/><F110/><W49/><G78/><T36/><D36/><U63/><E108/><V119/><F90/><W95/><G105/><T14/><D132/><U82/><E128/><V83/><F83/><W51/><G111/><T20/><D62/><U121/><E121/><V55/><F55/><W59/><G38/><T35/><D35/><U106/><E106/><V109/><F109/><W135/><G131/><T87/><D97/><U103/><E6/><V99/><F99/><W40/><G66/><T85/><D81/><U1/><E19/><V104/><F104/><W7/><G17/><T27/><REACH who="0" step="1"/><D125/><REACH who="0" ten="240,250,250,250" step="2"/><U13/><E82/><V22/><F39/><W9/><G135/><T10/><D10/><U28/><E1/><V68/><F115/><W15/><G134/><T54/><D54/><U124/><E3/><V43/><F114/><W79/><G79/><T129/><D129/><U30/><E124/><V89/><F0/><W120/><G120/><T41/><D41/><U123/><E123/><V102/><F43/><N who="3" m="24735" /><G57/><T60/><D60/><U86/><E63/><V34/><F34/><W126/><G126/><T92/><D92/><U50/><E61/><V33/><F32/><W130/><G130/><T117/><D117/><U73/><E133/><V122/><F33/><W71/><G71/><T4/><D4/><U53/><E94/><V58/><F119/><W112/><G112/><T76/><D76/><U69/><E69/><V93/><F68/><RYUUKYOKU ba="0,1" sc="240,15,250,-15,250,-15,250,15" hai0="12,14,20,21,24,26,27,64,65,67,84,85,87" hai3="7,9,15,40,46,51,56,59,95,96" /><INIT seed="0,1,1,1,0,47" ten="255,235,235,265" oya="0" hai0="80,65,75,6,125,123,95,131,51,29,11,119,41" hai1="94,58,99,91,5,74,101,0,13,38,61,23,44" hai2="120,93,39,30,133,4,12,112,9,70,63,14,46" hai3="54,48,114,118,92,22,109,18,53,71,111,26,1"/><T108/><D119/><U103/><E74/><V52/><F112/><W88/><G118/><T64/><D123/><U81/><E0/><V24/><F120/><W62/><G1/><T98/><D131/><U77/><E38/><V25/><F133/><W87/><G114/><T107/><D107/><U69/><E69/><V96/><F39/><W97/><G87/><T86/><D75/><U35/><E35/><V127/><F127/><W42/><G71/><T36/><D36/><U49/><E81/><V45/><F14/><W130/><G130/><T122/><D29/><U124/><E77/><V104/><F104/><W40/><G54/><T79/><D125/><U32/><E32/><V106/><F24/><W76/><G76/><T129/><D108/><N who="3" m="41545" /><G62/><T34/><D34/><U59/><E59/><AGARI ba="1,1" hai="18,22,26,40,42,48,53,59,88,92,97" m="41545" machi="59" ten="30,3900,0" yaku="14,1,52,1,54,1" doraHai="47" who="3" fromWho="1" sc="255,0,235,-42,235,0,265,52" /><INIT seed="1,0,0,2,3,61" ten="255,193,235,317" oya="1" hai0="76,123,134,14,10,103,135,57,132,16,2,77,9" hai1="110,94,37,28,15,48,7,115,35,86,22,71,82" hai2="53,107,122,133,8,79,34,54,99,6,101,96,88" hai3="105,87,19,29,25,0,83,124,129,45,38,81,26"/><U125/><E115/><V67/><F122/><W66/><G105/><T85/><D123/><U42/><E37/><V11/><F79/><W126/><G0/><T1/><D103/><U60/><E125/><V78/><F78/><N who="0" m="30314" /><D85/><U3/><E3/><N who="0" m="1033" /><D57/><U46/><E110/><V114/><F34/><W65/><G129/><T21/><AGARI ba="0,0" hai="9,10,14,16,21,132,134,135" m="1033,30314" machi="21" ten="40,2700,0" yaku="20,1,54,1" doraHai="61" who="0" fromWho="0" sc="255,27,193,-13,235,-7,317,-7" /><INIT seed="2,0,0,1,0,110" ten="282,180,228,310" oya="2" hai0="82,118,59,123,45,132,102,72,28,67,56,74,23" hai1="40,70,69,8,35,2,76,63,37,127,109,16,99" hai2="68,126,50,49,47,27,101,133,116,91,106,125,12" hai3="44,128,78,134,19,66,135,7,93,30,121,18,53"/><V46/><F116/><W77/><G121/><T17/><D123/><U57/><E109/><V73/><F73/><W21/><G7/><T65/><D118/><U90/><E35/><V48/><F106/><W5/><G5/><T52/><D132/><N who="3" m="50729" /><G66/><T124/><D124/><N who="2" m="47722" /><F101/><W41/><G53/><T81/><D102/><U103/><E127/><V32/><F68/><W24/><G93/><T95/><D95/><U115/><E90/><V114/><F114/><W84/><G128/><T105/><D105/><U85/><E115/><V3/><F3/><W111/><G111/><T88/><D74/><U1/><E2/><V42/><F133/><W71/><G71/><T100/><D72/><U104/><E1/><V130/><F130/><W62/><G62/><T38/><D100/><U89/><E37/><V14/><F91/><W39/><G84/><N who="0" m="50191" /><D38/><U120/><E76/><AGARI ba="0,0" hai="18,19,21,24,30,39,41,44,76,77,78" m="50729" machi="76" ten="30,1000,0" yaku="20,1" doraHai="110" who="3" fromWho="1" sc="282,0,180,-10,228,0,310,10" /><INIT seed="3,0,0,0,2,94" ten="282,170,228,320" oya="3" hai0="27,66,106,100,54,56,82,130,55,45,125,13,61" hai1="126,34,68,43,117,7,64,113,31,35,63,134,97" hai2="21,109,15,133,11,65,48,53,59,58,76,38,25" hai3="29,111,73,20,91,18,37,14,95,104,60,16,33"/><W23/><G104/><T129/><D125/><U19/><E113/><V12/><F109/><W124/><G37/><T30/><D82/><U9/><E126/><V114/><F38/><W90/><G73/><T107/><D13/><U28/><E134/><V102/><F114/><W4/><G4/><T108/><D108/><U86/><E19/><V32/><F32/><W119/><G119/><T51/><D55/><U75/><E117/><V87/><F102/><W36/><G36/><T120/><D120/><U52/><E43/><V118/><F118/><W105/><G105/><T101/><D107/><U49/><E75/><V98/><F133/><W131/><G124/><T72/><D72/><U83/><E97/><V128/><F128/><N who="0" m="49258" /><D106/><U92/><E92/><V99/><F65/><W103/><G131/><T135/><D135/><U89/><E34/><AGARI ba="0,0" hai="27,30,34,45,51,54,56,61,66,100,101" m="49258" machi="34" ten="30,1000,0" yaku="19,1" doraHai="94" who="0" fromWho="1" sc="282,10,170,-10,228,0,320,0" /><INIT seed="4,0,0,5,4,113" ten="292,160,228,320" oya="0" hai0="89,127,98,102,94,73,1,103,25,35,86,104,105" hai1="7,116,36,8,27,121,115,134,31,33,79,101,29" hai2="50,11,9,4,12,51,6,88,15,21,13,62,108" hai3="84,95,125,92,107,109,60,111,49,20,59,122,74"/><T100/><D35/><U80/><E121/><V91/><F108/><W99/><G74/><T41/><D1/><U119/><E36/><V81/><F62/><W39/><G39/><T90/><D41/><U78/><E115/><V76/><F21/><W69/><G107/><N who="0" m="41035" /><D25/><N who="1" m="18607" /><E101/><N who="0" m="39017" /><D127/><U55/><E55/><V57/><F15/><W66/><G122/><T2/><D2/><N who="1" m="119" /><E79/><V126/><F126/><W52/><G125/><T71/><D71/><U32/><E134/><V87/><F57/><W132/><G132/><T64/><D64/><U54/><E54/><V114/><F114/><W3/><G52/><T120/><D120/><U5/><E5/><V44/><F50/><W117/><G49/><T131/><D131/><U53/><E53/><AGARI ba="0,0" hai="4,6,9,11,12,13,44,51,53,76,81,87,88,91" machi="53" ten="30,7700,0" yaku="7,1,9,1,8,1,54,1" doraHai="113" who="2" fromWho="1" sc="292,0,160,-77,228,77,320,0" /><INIT seed="5,0,0,5,0,95" ten="292,83,305,320" oya="1" hai0="60,22,76,47,65,36,28,110,113,1,13,89,19" hai1="31,0,133,39,48,97,127,125,35,120,83,126,57" hai2="32,18,129,99,108,116,103,50,45,77,104,91,121" hai3="84,40,64,118,14,43,69,25,2,46,107,92,26"/><U9/><E39/><V135/><F108/><W55/><G107/><T7/><D110/><U49/><E120/><V15/><F32/><W80/><G2/><T41/><D113/><U8/><E133/><V5/><F135/><W71/><G118/><T23/><D76/><U93/><E83/><V38/><F38/><W17/><G69/><T112/><D112/><U86/><E86/><V42/><F129/><W72/><G71/><T115/><D115/><U106/><E106/><V62/><F5/><W111/><G64/><T33/><D23/><U58/><E31/><V6/><F6/><W90/><G111/><T10/><D89/><U109/><E35/><V119/><F121/><W34/><G34/><T79/><D79/><U73/><E73/><V74/><F62/><W27/><G72/><T54/><D54/><U75/><E75/><V59/><F59/><N who="1" m="22537" /><E109/><V98/><F77/><W53/><G80/><T52/><D28/><U11/><E0/><V102/><F91/><AGARI ba="0,0" hai="8,9,11,48,49,91,93,97,125,126,127" m="22537" machi="91" ten="40,3900,0" yaku="18,1,52,1" doraHai="95" who="1" fromWho="2" sc="292,0,83,39,305,-39,320,0" /><INIT seed="5,1,0,0,0,45" ten="292,122,266,320" oya="1" hai0="13,66,26,84,96,72,79,14,3,12,53,46,119" hai1="104,103,73,25,5,52,64,81,88,31,9,117,7" hai2="35,41,55,129,21,69,36,16,40,70,90,91,82" hai3="50,57,97,78,37,32,95,80,60,124,99,34,18"/><U126/><E117/><V135/><F35/><W49/><G37/><T89/><D3/><U8/><E126/><V59/><F129/><W19/><G124/><T20/><D119/><U92/><E104/><V112/><F69/><W133/><G133/><T106/><D72/><U6/><E103/><V47/><F41/><W102/><G34/><T62/><D79/><U48/><E64/><V75/><F70/><W120/><G32/><T127/><D127/><U130/><E130/><V86/><F75/><W122/><G122/><T38/><D96/><N who="1" m="57351" /><E73/><V1/><F1/><W44/><G99/><T54/><D106/><U39/><E39/><V110/><F110/><W116/><G116/><T98/><D98/><U111/><E111/><V28/><F28/><W24/><G120/><T56/><D84/><U125/><E125/><V0/><F0/><W77/><G77/><T2/><D89/><U114/><E81/><V76/><F135/><W94/><G94/><T108/><D2/><U71/><E71/><V109/><F112/><W115/><G115/><T101/><D101/><U85/><E85/><V58/><F109/><W134/><G80/><T131/><D108/><U128/><E114/><V123/><F59/><W27/><G57/><T121/><D121/><U30/><E128/><V100/><F100/><W105/><G102/><T118/><D118/><U68/><E68/><V22/><F123/><W74/><G74/><T43/><D131/><U65/><E65/><V33/><F33/><W42/><G134/><T113/><D113/><U4/><N who="1" m="1024" /><DORA hai="17" /><U132/><E132/><V51/><F82/><RYUUKYOKU ba="1,0" sc="292,30,122,-10,266,-10,320,-10" hai0="12,13,14,20,26,38,43,46,53,54,56,62,66" /><INIT seed="6,2,0,4,5,47" ten="322,112,256,310" oya="2" hai0="95,8,134,82,97,71,121,85,21,46,77,78,110" hai1="54,68,53,15,16,81,108,38,75,92,28,20,31" hai2="41,62,128,133,52,66,127,98,24,131,86,96,118" hai3="83,70,19,79,111,35,30,58,125,44,39,106,57"/><V119/><F127/><W60/><G106/><T49/><D121/><U126/><E126/><V27/><F41/><W88/><G125/><T23/><D110/><U90/><E108/><V117/><F133/><W122/><G122/><T25/><D71/><U63/><E38/><V9/><F9/><W6/><G111/><T102/><D134/><U130/><E130/><N who="2" m="49707" /><F86/><W43/><G6/><T59/><D59/><U99/><E75/><V114/><F114/><W104/><G104/><T64/><D64/><U116/><E116/><V61/><F66/><W55/><G70/><T11/><D78/><U132/><E132/><V22/><F22/><N who="0" m="8202" /><D25/><N who="2" m="9802" /><F52/><AGARI ba="2,0" hai="8,11,46,49,52,77,82,85,95,97,102" m="8202" machi="52" ten="30,3900,0" yaku="8,1,52,1,54,1" doraHai="47" who="0" fromWho="2" sc="322,45,112,0,256,-45,310,0" /><INIT seed="7,0,0,0,0,32" ten="367,112,211,310" oya="3" hai0="31,35,59,43,3,11,108,107,6,123,118,9,85" hai1="93,72,39,81,91,125,53,87,30,71,95,69,84" hai2="22,113,112,116,0,7,117,124,38,44,89,134,26" hai3="76,80,24,48,21,1,61,45,50,111,101,54,110"/><W51/><G101/><T97/><D118/><U128/><E39/><V37/><F89/><W133/><G133/><T41/><D123/><U10/><E125/><V98/><F98/><W2/><G45/><T65/><D108/><N who="3" m="41513" /><G61/><T79/><D11/><U42/><E42/><V82/><F82/><W57/><G57/><T75/><D75/><U34/><E10/><N who="2" m="2407" /><F44/><W33/><G33/><T100/><D65/><U114/><E34/><V46/><F46/><W96/><G54/><T15/><D59/><U99/><E128/><V8/><F38/><W105/><G96/><T5/><D43/><U86/><E114/><N who="2" m="44139" /><F37/><W103/><G103/><T73/><D97/><N who="1" m="57535" /><E53/><V104/><F104/><W88/><G88/><T64/><D100/><N who="1" m="60543" /><E69/><V63/><F63/><W119/><G105/><T4/><D107/><U122/><E122/><V120/><F120/><W16/><G119/><T109/><D109/><U102/><E71/><V62/><F62/><W121/><G121/><T55/><D55/><U29/><E29/><N who="2" m="17623" /><F134/><W77/><G77/><T132/><D79/><N who="1" m="44263" /><E30/><V60/><F60/><W47/><G47/><T127/><D132/><U58/><E58/><V40/><F40/><W49/><G50/><T14/><D41/><U135/><E135/><V17/><F124/><W56/><G56/><T36/><D127/><U90/><E102/><V27/><F117/><W23/><G23/><T18/><D35/><U70/><E70/><V12/><F116/><W131/><G131/><T106/><D36/><U20/><E20/><V28/><F28/><W94/><G94/><T67/><D106/><U115/><E115/><RYUUKYOKU ba="0,0" sc="367,-30,112,10,211,10,310,10" hai1="84,86,87,90" hai2="8,12,17,27" hai3="1,2,16,21,24,48,49,51,76,80" /><INIT seed="7,1,0,2,2,111" ten="337,122,221,320" oya="3" hai0="66,93,56,57,14,123,68,30,117,20,45,129,54" hai1="82,16,130,89,10,59,27,34,81,64,83,52,12" hai2="79,0,132,17,118,3,134,42,6,2,114,98,128" hai3="13,47,112,23,75,92,19,122,53,37,22,107,95"/><W62/><G107/><T116/><D123/><U15/><E130/><V32/><F118/><W74/><G122/><T51/><D129/><U91/><E64/><V21/><F79/><W105/><G105/><T110/><D110/><U97/><E34/><V84/><F128/><W131/><G131/><T33/><D33/><U80/><N who="1" m="20480" /><DORA hai="99" /><U94/><E27/><V88/><F98/><W41/><G112/><T135/><D68/><U44/><E44/><V126/><F114/><W69/><G23/><T120/><D120/><U31/><E31/><V43/><F6/><W113/><G113/><T8/><D66/><U73/><E73/><V49/><F32/><W39/><G39/><T96/><D117/><U25/><E25/><N who="2" m="14511" /><F49/><W106/><G106/><T28/><D116/><U102/><E15/><V24/><F24/><W36/><G36/><T40/><D20/><U58/><E58/><N who="0" m="22633" /><D54/><U77/><E77/><V100/><F100/><W48/><G69/><T5/><D135/><N who="2" m="51754" /><F126/><W50/><G62/><T4/><D4/><U90/><E90/><AGARI ba="1,0" hai="5,8,14,28,30,40,45,51,90,93,96" m="22633" machi="90" ten="30,1000,0" yaku="8,1" doraHai="111,99" who="0" fromWho="1" sc="337,13,122,-13,221,0,320,0" owari="350,45.0,109,-39.0,221,-18.0,320,12.0" /></mjloggm>