<mjloggm ver="2.3"><GO type="169" lobby="0"/><UN n0="%43%6C%69%6F" n1="%63%6F%62%65%68%6F%70%65" n2="%E3%83%87%E3%83%AA%E3%83%AA%E3%82%A6%E3%83%A0%E3%81%A1%E3%82%83%E3%82%93" n3="%73%61%6E%67%6F%64%64%6F" dan="16,16,16,16" rate="2051.29,2157.16,2094.55,2168.77" sx="M,M,F,M"/><TAIKYOKU oya="0"/><INIT seed="0,0,0,2,5,117" ten="250,250,250,250" oya="0" hai0="47,29,134,48,101,34,6,92,129,119,124,67,15" hai1="37,28,114,115,33,79,75,106,32,100,126,120,104" hai2="14,20,91,103,61,40,83,10,0,11,77,96,130" hai3="109,93,19,125,13,22,102,110,74,18,122,8,95"/><T123/><D119/><U46/><E126/><V70/><F130/><W85/><G74/><T44/><D34/><U68/><E68/><V97/><F40/><W108/><G125/><T78/><D29/><U132/><E132/><V5/><F91/><W60/><G60/><T43/><D124/><U54/><E54/><V82/><F20/><W41/><G41/><T112/><D112/><N who="1" m="43051" /><E100/><V59/><F70/><W105/><G105/><N who="1" m="40554" /><E28/><V17/><F103/><W71/><G71/><T62/><D129/><U38/><E46/><V72/><REACH who="2" step="1"/><F82/><REACH who="2" ten="250,250,240,250" step="2"/><W45/><G102/><T2/><D101/><U73/><E79/><V86/><F86/><W1/><G85/><T131/><D131/><U80/><E80/><V35/><F35/><N who="1" m="13385" /><E120/><V31/><F31/><W49/><G122/><T50/><D78/><U51/><E51/><V90/><F90/><W23/><G23/><T24/><D123/><U58/><E58/><V65/><AGARI ba="0,1" hai="0,5,10,11,14,17,59,61,65,72,77,83,96,97" machi="65" ten="20,8000,1" yaku="1,1,0,1,7,1,53,2" doraHai="117" doraHaiUra="4" who="2" fromWho="2" sc="250,-40,250,-20,240,90,250,-20" /><INIT seed="1,0,0,3,5,127" ten="210,230,330,230" oya="1" hai0="59,116,65,128,7,55,100,63,3,34,24,39,82" hai1="48,83,108,52,123,27,105,50,124,129,49,106,31" hai2="32,118,99,69,18,35,60,77,56,76,64,22,0" hai3="97,133,9,80,54,88,131,90,38,43,42,98,72"/><U75/><E123/><V113/><F118/><W91/><G133/><T67/><D116/><U2/><E124/><V112/><F0/><W41/><G38/><T11/><D100/><U36/><E36/><V29/><F99/><W20/><G20/><T8/><D39/><U84/><E2/><V16/><F18/><W53/><G72/><T135/><D135/><U57/><E75/><V37/><F37/><W111/><G111/><T119/><D119/><U126/><E126/><V1/><F1/><W92/><G80/><T21/><D11/><U85/><E108/><V94/><F94/><W30/><G30/><T117/><D117/><U87/><E83/><V73/><F69/><W62/><G62/><T121/><D121/><U58/><E129/><V28/><F73/><W130/><G9/><T66/><D82/><U132/><E132/><V40/><F40/><W10/><G10/><T125/><D125/><U23/><REACH who="1" step="1"/><E52/><REACH who="1" ten="210,220,330,230" step="2"/><N who="3" m="20074" /><G92/><T46/><D128/><AGARI ba="0,1" hai="41,42,43,88,90,91,97,98,128,130,131" m="20074" machi="128" ten="40,16000,3" yaku="28,2,19,1,52,3,54,2" doraHai="127" who="3" fromWho="0" sc="210,-160,220,0,330,0,230,170" /><INIT seed="2,0,0,2,3,84" ten="50,220,330,400" oya="2" hai0="42,112,63,83,33,73,87,69,110,60,129,20,117" hai1="109,39,27,72,17,111,96,66,7,67,124,100,24" hai2="3,54,22,81,45,119,47,126,74,12,32,102,16" hai3="40,37,15,5,64,133,68,18,70,90,132,97,131"/><V79/><F119/><W44/><G131/><T46/><D33/><U65/><E39/><V104/><F126/><W58/><G5/><T13/><D112/><U99/><E72/><V113/><F113/><W6/><G6/><T123/><D110/><U11/><E124/><V135/><F135/><N who="3" m="51787" /><G58/><T91/><D129/><U108/><E17/><V57/><F32/><W88/><G97/><T134/><D123/><U48/><E48/><V71/><F3/><W38/><G38/><T28/><D134/><U114/><E114/><V25/><F71/><N who="3" m="27179" /><G64/><T36/><D117/><U55/><E55/><V14/><F104/><W86/><G86/><T94/><D69/><U78/><E78/><V30/><F102/><W1/><G1/><T103/><D13/><U41/><E41/><V19/><F30/><W80/><G80/><T62/><D103/><U85/><E85/><N who="2" m="48319" /><F25/><N who="1" m="9801" /><E100/><V120/><F74/><W106/><G106/><T105/><D105/><U128/><E128/><V35/><F35/><W0/><G0/><AGARI ba="0,0" hai="0,7,11,65,66,67,96,99,108,109,111" m="9801" machi="0" ten="40,1300,0" yaku="14,1" doraHai="84" who="1" fromWho="3" sc="50,0,220,13,330,0,400,-13" /><INIT seed="3,0,0,2,5,2" ten="50,233,330,387" oya="3" hai0="5,3,112,61,55,72,12,128,111,6,27,118,69" hai1="47,113,19,21,90,9,89,82,84,77,34,104,91" hai2="99,60,51,124,28,10,14,20,71,75,56,114,48" hai3="120,22,38,23,107,88,93,32,59,50,121,126,98"/><W83/><G38/><T125/><D118/><U135/><E113/><V31/><F75/><W7/><G126/><T101/><D72/><U73/><E34/><V117/><F71/><W18/><G32/><T53/><D3/><U58/><E104/><V13/><F117/><W132/><G132/><T45/><D69/><U30/><E135/><V80/><F124/><W127/><G127/><T109/><D125/><U115/><E115/><V67/><F114/><W43/><G107/><T33/><D112/><U108/><E108/><N who="0" m="41545" /><D128/><U68/><E68/><V70/><F99/><W64/><G83/><T103/><D12/><U42/><E58/><V16/><F80/><W25/><G23/><T26/><D45/><U74/><E30/><N who="2" m="11307" /><F70/><W62/><G7/><AGARI ba="0,0" hai="7,10,13,14,16,20,48,51,56,60,67" m="11307" machi="7" ten="30,3900,0" yaku="8,1,52,1,54,1" doraHai="2" who="2" fromWho="3" sc="50,0,233,0,330,39,387,-39" /><INIT seed="4,0,0,0,5,119" ten="50,233,369,348" oya="0" hai0="88,55,92,39,94,13,43,25,127,2,109,105,29" hai1="19,102,64,82,67,26,52,97,50,107,63,99,90" hai2="87,84,21,60,135,78,22,61,15,89,130,59,57" hai3="75,70,129,0,134,132,28,27,72,45,49,7,8"/><T40/><D2/><U12/><E26/><V133/><F130/><W5/><G70/><T41/><D105/><U33/><E33/><V24/><F15/><W30/><G49/><T44/><D109/><U93/><E82/><V9/><F24/><W58/><G58/><T37/><D13/><U111/><E63/><V100/><F78/><W51/><G7/><T76/><D76/><U96/><E111/><V71/><F71/><W14/><G129/><T56/><D94/><U17/><E17/><V36/><F36/><W95/><G95/><T91/><D91/><U81/><E81/><V98/><F89/><W103/><G103/><T123/><D123/><U83/><E83/><V86/><F9/><W32/><G30/><T122/><D122/><U47/><REACH who="1" step="1"/><E99/><REACH who="1" ten="50,223,369,348" step="2"/><V114/><F98/><W16/><G75/><T124/><D39/><U85/><E85/><V74/><F87/><W23/><REACH who="3" step="1"/><G72/><REACH who="3" ten="50,223,369,338" step="2"/><T46/><D37/><U106/><E106/><V18/><F74/><W121/><G121/><T62/><D44/><U79/><E79/><V120/><F120/><W73/><G73/><T11/><D46/><U118/><E118/><V101/><F18/><W112/><G112/><AGARI ba="0,2" hai="21,22,57,59,60,61,84,86,100,101,112,114,133,135" machi="112" ten="25,1600,0" yaku="22,2" doraHai="119" who="2" fromWho="3" sc="50,0,223,0,369,36,338,-16" /><INIT seed="5,0,0,3,0,72" ten="50,223,405,322" oya="1" hai0="105,121,33,30,135,101,114,32,88,3,25,45,19" hai1="117,82,106,64,59,90,28,70,52,10,112,113,37" hai2="85,54,12,71,14,115,34,131,16,91,125,107,26" hai3="22,73,89,75,80,2,95,78,129,76,6,87,108"/><U48/><E106/><V127/><F71/><W13/><G2/><T20/><D114/><N who="1" m="44139" /><E117/><V103/><F115/><W98/><G108/><T11/><D121/><U96/><E37/><V133/><F133/><W27/><G129/><T42/><D135/><U81/><E28/><N who="2" m="19735" /><F131/><W21/><G75/><T83/><D105/><U43/><E43/><V15/><F107/><W118/><G73/><T104/><D104/><U38/><E38/><V110/><F103/><W116/><G116/><T126/><D101/><U79/><E10/><V130/><F130/><W49/><G118/><T55/><D42/><U120/><E120/><V119/><F119/><W68/><G68/><T41/><D41/><U51/><E51/><V57/><F110/><W60/><G60/><T50/><D3/><U94/><E79/><N who="3" m="30250" /><G49/><T1/><D1/><U61/><AGARI ba="0,0" hai="48,52,59,61,64,70,81,82,90,94,96" m="44139" machi="61" ten="30,3000,0" yaku="15,1,54,1" doraHai="72" who="1" fromWho="1" sc="50,-10,223,30,405,-10,322,-10" /><INIT seed="5,1,0,5,3,38" ten="40,253,395,312" oya="1" hai0="87,10,57,70,9,83,117,124,86,21,88,59,127" hai1="18,98,0,20,113,26,129,43,99,93,14,1,47" hai2="67,12,96,111,102,107,101,81,29,7,35,120,63" hai3="13,23,92,73,53,89,31,51,122,123,19,46,37"/><U32/><E113/><V128/><F120/><W28/><G73/><T95/><D70/><U125/><E125/><V39/><F111/><W41/><G31/><T112/><D117/><U56/><E129/><V78/><F128/><W126/><G126/><T65/><D112/><U4/><E56/><V24/><F101/><W15/><G15/><T119/><D119/><U79/><E79/><V74/><F12/><W75/><G75/><T77/><D124/><U134/><E134/><V66/><F7/><W49/><G28/><T11/><D127/><U42/><E98/><V109/><F66/><W76/><G76/><T85/><D65/><U130/><E130/><V2/><F109/><W36/><G36/><T115/><D115/><U33/><E47/><V48/><F48/><W91/><G91/><T34/><D34/><U45/><E45/><V40/><F39/><W114/><G114/><T103/><D103/><U82/><E82/><V90/><F90/><W64/><G64/><T108/><D108/><U71/><E71/><N who="2" m="42495" /><F40/><N who="1" m="15401" /><E1/><AGARI ba="1,0" hai="1,2,24,29,35,74,78,81,96,102,107" m="42495" machi="1" ten="30,3900,0" yaku="25,1,33,2" doraHai="38" who="2" fromWho="1" sc="40,0,253,-42,395,42,312,0" /><INIT seed="6,0,0,1,4,86" ten="40,211,437,312" oya="2" hai0="71,105,109,18,16,135,32,3,107,20,45,118,120" hai1="50,26,8,13,61,59,12,115,5,4,119,30,70" hai2="91,58,52,33,112,106,92,81,44,85,127,100,108" hai3="21,132,101,113,35,53,75,39,15,62,66,89,31"/><V87/><F33/><W76/><G132/><T42/><D20/><U88/><E115/><V131/><F112/><W2/><G39/><T25/><D25/><U6/><E119/><V49/><F127/><W24/><G113/><T84/><D45/><U1/><E70/><V28/><F108/><W93/><G53/><T11/><D42/><U82/><E1/><V23/><F131/><W83/><G101/><T7/><D84/><N who="1" m="50199" /><E50/><V27/><F106/><W60/><G2/><T74/><D11/><N who="1" m="4199" /><E26/><V17/><F100/><W69/><G62/><T64/><D7/><N who="1" m="3231" /><E30/><V96/><F28/><W90/><REACH who="3" step="1"/><G93/><REACH who="3" ten="40,211,437,302" step="2"/><T46/><D105/><U29/><E29/><V129/><F129/><W114/><G114/><T57/><D107/><U73/><E73/><V111/><F111/><W47/><G47/><T34/><D46/><U133/><E133/><V102/><F44/><W54/><G54/><AGARI ba="0,1" hai="5,6,54,59,61" m="3231,4199,50199" machi="54" ten="30,3900,0" yaku="8,1,52,1,54,1" doraHai="86" who="1" fromWho="3" sc="40,0,211,49,437,0,302,-39" /><INIT seed="7,0,0,1,3,38" ten="40,260,437,263" oya="3" hai0="90,120,98,36,94,105,11,92,18,67,33,82,23" hai1="58,21,30,47,118,115,76,64,2,110,106,113,104" hai2="55,28,10,20,46,96,61,126,63,134,81,52,100" hai3="107,111,15,89,37,48,93,19,54,114,116,5,45"/><W6/><G111/><T72/><D11/><U31/><E110/><V32/><F32/><W51/><G107/><T34/><D67/><U112/><E118/><V131/><F134/><W0/><G116/><T108/><D108/><U78/><E2/><V53/><F131/><W25/><G37/><T44/><D120/><U42/><E58/><V75/><F126/><W121/><G114/><T29/><D29/><N who="1" m="10763" /><E21/><V41/><F75/><W85/><G121/><T62/><D94/><U26/><E26/><N who="2" m="16455" /><F81/><W40/><G0/><T74/><D72/><U80/><E64/><V27/><F10/><N who="3" m="6647" /><G25/><T1/><D1/><U122/><E122/><V88/><F27/><W99/><G99/><T69/><D69/><U22/><E22/><V124/><F124/><W101/><G101/><T123/><D123/><U102/><E102/><V39/><F39/><W70/><G70/><T129/><D129/><U97/><E97/><V119/><F119/><W7/><G7/><T49/><D36/><N who="1" m="21959" /><E78/><V125/><F125/><W132/><G132/><T117/><D117/><U59/><E59/><AGARI ba="0,0" hai="5,6,40,45,48,51,54,59,85,89,93" m="6647" machi="59" ten="30,2900,0" yaku="8,1,52,1" doraHai="38" who="3" fromWho="1" sc="40,0,260,-29,437,0,263,29" /><INIT seed="7,1,0,0,2,106" ten="40,231,437,292" oya="3" hai0="1,62,8,113,93,121,19,53,110,75,135,114,18" hai1="84,118,82,81,105,50,12,41,38,97,70,88,2" hai2="31,85,98,9,101,16,51,7,57,30,56,24,35" hai3="111,64,63,29,128,59,47,72,124,22,126,52,68"/><W103/><G103/><T11/><D93/><U69/><E2/><V122/><F122/><W0/><G0/><T86/><D86/><U108/><E108/><V61/><F85/><W28/><G111/><T89/><D62/><U133/><E133/><V10/><F35/><W123/><G123/><T17/><D110/><U33/><E33/><V83/><F83/><W32/><G32/><T92/><D92/><U21/><E38/><V119/><F119/><W66/><G28/><T14/><D121/><U77/><E118/><V60/><F51/><N who="3" m="28799" /><G29/><T73/><D53/><U13/><E69/><V90/><F101/><W134/><G22/><T116/><D116/><U107/><E70/><V71/><F71/><W125/><G72/><N who="0" m="27723" /><D1/><U91/><E107/><V25/><F31/><W20/><G20/><T39/><D39/><U100/><E21/><V131/><F30/><W49/><G66/><T54/><D54/><U129/><E84/><V87/><F87/><W112/><G49/><T117/><D117/><U27/><E50/><V67/><F10/><N who="0" m="3626" /><D14/><U96/><E13/><V102/><F9/><W109/><G109/><T99/><D99/><U4/><E96/><V130/><F98/><W55/><G55/><T78/><D78/><U36/><E97/><V3/><F3/><W58/><G63/><T40/><D40/><U5/><E77/><V95/><F61/><W6/><G68/><T80/><D135/><U94/><E41/><V23/><F67/><W115/><G134/><T26/><D26/><U46/><E27/><V79/><F24/><W76/><G76/><T44/><D44/><RYUUKYOKU ba="1,0" sc="40,30,231,-10,437,-10,292,-10" hai0="17,18,19,80,89,113,114" owari="70,-43.0,221,-18.0,427,53.0,282,8.0" /></mjloggm>