<mjloggm ver="2.3"><GO type="169" lobby="0"/><UN n0="%E3%83%97%E3%83%A9%E3%83%81%E3%83%8A%E3%83%A0" n1="%6D%69%72%69%72%69" n2="%7A%6B%75%72%74" n3="%E3%81%AB%E3%81%A3%E3%81%A1%E3%82%87" dan="16,18,16,16" rate="2156.79,2187.41,2165.84,2104.64" sx="M,M,M,M"/><TAIKYOKU oya="0"/><INIT seed="0,0,0,1,4,55" ten="250,250,250,250" oya="0" hai0="14,42,20,100,44,23,29,57,50,11,45,97,70" hai1="122,125,115,34,1,128,127,25,121,39,27,31,130" hai2="80,16,7,65,131,60,47,134,48,99,36,117,43" hai3="4,68,106,101,85,90,61,58,46,112,105,75,21"/><T15/><D70/><U3/><E39/><V76/><F131/><N who="1" m="50217" /><E115/><V18/><F134/><W124/><G112/><T32/><D32/><U62/><E27/><V93/><F117/><W5/><G124/><N who="1" m="47690" /><E62/><V102/><F7/><W87/><G68/><T129/><D129/><U91/><E91/><V52/><F36/><W10/><G90/><T51/><D29/><U95/><E95/><V38/><F38/><W116/><G116/><T98/><D57/><U63/><E63/><V132/><F43/><W26/><G46/><T37/><D37/><U83/><E83/><V104/><F104/><W103/><G106/><T92/><D98/><U72/><E72/><V19/><F132/><W0/><G75/><T6/><REACH who="0" step="1"/><D15/><REACH who="0" ten="240,250,250,250" step="2"/><U2/><AGARI ba="0,1" hai="1,2,3,25,31,34,121,122" m="47690,50217" machi="2" ten="40,8000,1" yaku="19,1,18,1,23,1,34,2" doraHai="55" who="1" fromWho="1" sc="240,-40,250,90,250,-20,250,-20" /><INIT seed="1,0,0,4,2,36" ten="200,340,230,230" oya="1" hai0="107,110,37,51,96,5,67,42,75,134,76,88,24" hai1="10,104,90,108,58,38,71,124,49,99,125,17,80" hai2="27,130,91,117,25,68,4,8,34,53,9,66,55" hai3="11,26,79,64,78,74,129,19,30,32,127,133,63"/><U87/><E71/><V16/><F117/><W111/><G111/><T98/><D110/><U121/><E108/><V126/><F130/><W52/><G129/><T43/><D37/><U0/><E38/><V59/><F126/><N who="1" m="48745" /><E121/><V89/><F68/><W31/><G133/><T50/><D134/><U86/><E58/><V120/><F120/><W56/><G127/><T119/><D119/><U122/><E122/><V106/><F106/><W85/><G74/><T40/><D107/><U47/><E87/><V95/><F34/><W13/><G31/><T93/><D67/><U60/><E60/><V118/><F118/><W45/><G45/><T65/><D65/><U44/><E49/><N who="0" m="18441" /><D75/><U28/><E28/><V84/><F66/><W15/><G64/><T131/><D131/><U35/><E35/><V132/><F132/><W115/><G115/><T113/><D113/><U22/><E10/><V48/><F55/><W94/><G85/><N who="0" m="52367" /><D76/><U103/><E0/><V6/><F89/><W14/><G79/><T100/><D100/><U109/><E109/><V114/><F114/><W33/><G78/><T72/><D72/><U41/><E103/><V62/><F62/><W105/><G105/><T97/><D24/><U69/><E69/><V57/><F57/><W83/><G33/><T1/><D1/><U77/><E77/><V70/><F70/><W101/><G101/><T2/><D2/><U7/><E90/><V73/><F73/><W135/><G135/><T102/><D102/><U112/><E112/><V61/><F61/><W54/><G32/><T20/><D20/><U81/><E104/><RYUUKYOKU ba="0,0" sc="200,30,340,-10,230,-10,230,-10" hai0="5,40,42,43,96,97,98" /><INIT seed="2,1,0,3,5,6" ten="230,330,220,220" oya="2" hai0="108,75,121,82,77,26,84,11,90,91,48,76,16" hai1="81,105,66,47,64,120,12,34,100,104,109,42,73" hai2="130,40,41,110,3,63,56,38,32,71,85,7,23" hai3="54,30,50,37,123,122,107,15,72,67,116,8,2"/><V70/><F32/><W36/><G116/><T80/><D108/><U88/><E34/><V94/><F130/><W39/><G72/><T103/><D121/><U93/><E109/><V55/><F110/><W114/><G107/><T92/><D48/><U18/><E120/><V44/><F40/><W24/><G2/><T13/><D26/><U35/><E35/><V132/><F132/><W9/><G67/><T129/><D129/><U133/><E133/><V21/><F21/><W57/><G114/><T4/><D4/><U5/><E5/><V45/><F45/><W51/><G51/><T125/><D125/><U53/><E53/><V135/><F135/><W59/><G59/><T10/><D10/><U28/><E28/><V25/><F7/><W83/><G83/><T20/><REACH who="0" step="1"/><D20/><REACH who="0" ten="220,330,220,220" step="2"/><U97/><E81/><V115/><F115/><W29/><G9/><T102/><D102/><U62/><E100/><V31/><F3/><W87/><G123/><T69/><D69/><U78/><E62/><V49/><F49/><W61/><G50/><T128/><D128/><U98/><E42/><V95/><F71/><W52/><G122/><T117/><D117/><U124/><E124/><V131/><F70/><W119/><G119/><T118/><D118/><U27/><E27/><V127/><F127/><W46/><G24/><T106/><D106/><U14/><E104/><V22/><F131/><W99/><G8/><T113/><D113/><U43/><E105/><V79/><F22/><W68/><G68/><T74/><D74/><U1/><E43/><V65/><F65/><W134/><G134/><RYUUKYOKU ba="1,1" sc="220,15,330,-15,220,15,220,-15" hai0="11,13,16,75,76,77,80,82,84,90,91,92,103" hai2="23,25,31,38,41,44,55,56,63,79,85,94,95" /><INIT seed="2,2,1,0,4,30" ten="235,315,235,205" oya="2" hai0="106,118,125,23,16,113,90,67,85,61,7,97,82" hai1="78,93,103,130,107,35,112,40,26,47,100,119,76" hai2="69,4,108,45,102,20,8,92,134,77,88,42,58" hai3="91,22,56,43,122,66,79,70,33,9,52,87,38"/><V111/><F69/><W60/><G122/><T120/><D113/><U101/><E112/><V96/><F134/><W39/><G79/><T129/><D129/><U63/><E107/><V95/><F77/><W131/><G131/><T12/><D125/><U29/><E119/><V53/><F20/><W17/><G9/><T51/><D120/><U0/><E0/><V80/><F80/><W89/><G33/><T21/><D7/><U13/><E130/><V32/><F32/><W1/><G1/><T49/><D118/><U15/><E93/><V65/><F65/><W3/><G3/><T105/><D23/><U37/><E15/><V14/><F58/><W127/><G127/><T72/><D72/><U59/><REACH who="1" step="1"/><E13/><REACH who="1" ten="235,305,235,205" step="2"/><V25/><F25/><W117/><G117/><T11/><D11/><U57/><E57/><V124/><F124/><W50/><G43/><T44/><D106/><U94/><E94/><V128/><F128/><W121/><G121/><T123/><D123/><U132/><E132/><V41/><F41/><W34/><G70/><T18/><D105/><U48/><E48/><V36/><REACH who="2" step="1"/><F53/><AGARI ba="2,2" hai="26,29,35,37,40,47,53,59,63,76,78,100,101,103" machi="53" ten="40,8000,1" yaku="1,1,52,1,53,2" doraHai="30" doraHaiUra="75" who="1" fromWho="2" sc="235,0,305,106,235,-86,205,0" /><INIT seed="3,0,0,4,3,54" ten="235,411,149,205" oya="3" hai0="109,129,34,6,110,38,60,23,70,36,39,111,71" hai1="131,33,95,133,128,61,83,78,19,56,75,55,92" hai2="8,102,47,65,4,52,122,46,62,43,82,3,86" hai3="81,123,14,25,22,2,48,26,88,42,11,37,30"/><W130/><G123/><T94/><D34/><U59/><E33/><V106/><F122/><W85/><G130/><N who="1" m="49706" /><E133/><V121/><F121/><W12/><G37/><T120/><D120/><U113/><E113/><V15/><F3/><W124/><G124/><T49/><D129/><U76/><E76/><V18/><F106/><W45/><G2/><T126/><D6/><U9/><E59/><V117/><F102/><W101/><G101/><T99/><D126/><U69/><E69/><V24/><F117/><W87/><G11/><T84/><D84/><U89/><E89/><V112/><F112/><W93/><REACH who="3" step="1"/><G26/><REACH who="3" ten="235,411,149,195" step="2"/><T125/><D125/><U66/><E66/><V63/><F65/><W74/><G74/><T114/><D114/><U40/><E40/><V64/><F43/><W35/><G35/><T73/><D73/><U119/><E119/><V20/><F64/><W32/><G32/><T108/><D108/><U29/><E9/><V135/><F135/><W104/><G104/><T134/><D134/><U0/><E0/><V58/><REACH who="2" step="1"/><F63/><REACH who="2" ten="235,411,139,195" step="2"/><W107/><G107/><T79/><D60/><U68/><E61/><V98/><F98/><W96/><G96/><T53/><D111/><U28/><E75/><V10/><F10/><W5/><G5/><T44/><D110/><U57/><E68/><V97/><F97/><W90/><AGARI ba="0,2" hai="12,14,22,25,30,42,45,48,81,85,87,88,90,93" machi="90" ten="20,12000,1" yaku="1,1,0,1,7,1,8,1,54,1,53,0" doraHai="54" doraHaiUra="7" who="3" fromWho="3" sc="235,-40,411,-40,139,-40,195,140" /><INIT seed="3,1,0,0,5,12" ten="195,371,99,335" oya="3" hai0="87,38,49,111,109,31,119,92,115,89,29,73,125" hai1="65,133,108,60,16,114,135,47,0,96,76,85,94" hai2="116,90,58,53,70,72,83,74,50,4,107,71,99" hai3="129,20,46,97,102,126,42,130,118,25,120,44,8"/><W128/><G118/><T105/><D38/><U32/><E114/><V2/><F116/><W13/><G120/><T24/><D119/><U52/><E0/><V37/><F37/><W9/><G126/><T131/><D105/><U67/><E32/><V68/><F2/><W17/><G42/><T124/><D73/><U112/><E112/><V75/><F4/><W88/><G88/><N who="0" m="53279" /><D131/><U66/><E108/><N who="0" m="41545" /><D115/><U22/><E85/><V5/><F5/><N who="3" m="3215" /><G9/><T82/><D49/><N who="1" m="28735" /><E76/><V39/><F39/><W11/><G11/><T54/><D54/><U34/><E34/><V15/><F107/><AGARI ba="1,0" hai="17,20,25,44,46,97,102,107,128,129,130" m="3215" machi="107" ten="30,2900,0" yaku="19,1,52,1" doraHai="12" who="3" fromWho="2" sc="195,0,371,0,99,-32,335,32" /><INIT seed="3,2,0,4,0,97" ten="195,371,67,367" oya="3" hai0="126,117,112,51,70,27,18,7,122,38,66,98,113" hai1="41,118,104,26,2,103,114,131,68,46,115,108,99" hai2="57,3,42,24,13,96,86,69,23,60,14,35,22" hai3="40,88,87,92,105,10,101,79,90,11,19,61,17"/><W102/><G105/><T128/><D38/><U121/><E121/><V120/><F3/><W1/><G1/><T80/><D117/><U34/><E118/><V29/><F120/><W16/><G79/><T91/><D128/><U5/><E131/><V43/><F69/><W31/><G31/><T47/><D126/><U25/><E25/><V76/><F35/><W116/><G116/><T58/><D70/><U135/><E68/><V95/><F86/><N who="3" m="52247" /><G40/><T100/><D7/><U74/><E74/><V8/><F76/><W20/><G20/><T59/><D122/><U84/><E84/><V129/><F22/><W106/><G61/><T39/><D39/><N who="1" m="21823" /><E135/><V21/><F21/><W6/><G106/><T78/><D91/><U134/><E134/><V85/><F85/><W32/><G32/><T28/><D18/><U64/><E5/><V107/><F107/><W132/><G132/><T30/><D30/><N who="1" m="19799" /><E2/><V82/><F82/><N who="3" m="49527" /><G6/><T130/><D130/><U110/><E64/><V9/><F129/><W109/><G109/><AGARI ba="2,0" hai="99,103,104,108,109,110,114,115" m="19799,21823" machi="109" ten="30,3900,0" yaku="14,1,23,1,52,1" doraHai="97" who="1" fromWho="3" sc="195,0,371,45,67,0,367,-45" /><INIT seed="4,0,0,0,0,133" ten="195,416,67,322" oya="0" hai0="127,123,89,75,70,74,131,87,5,78,49,64,21" hai1="41,94,108,69,45,46,60,116,19,76,44,128,80" hai2="66,16,111,39,126,65,102,84,86,48,124,114,129" hai3="81,29,100,90,43,35,103,1,101,33,55,18,112"/><T115/><D123/><U119/><E108/><V27/><F111/><W22/><G1/><T3/><D78/><U104/><E104/><V40/><F39/><W56/><G43/><T51/><D131/><U77/><E41/><V92/><F129/><W8/><G8/><T28/><D115/><U120/><E120/><V31/><F114/><W30/><G35/><T134/><D134/><U105/><E105/><V10/><F102/><W132/><G33/><T99/><D99/><U82/><E128/><V62/><F40/><W38/><G38/><T58/><D70/><U47/><E47/><V24/><F48/><W107/><G107/><T34/><D34/><U63/><E94/><V98/><F98/><W95/><G81/><T52/><D64/><U67/><E19/><V109/><F109/><W110/><G132/><T7/><D49/><U32/><E32/><V88/><F86/><N who="3" m="52695" /><G110/><T37/><D37/><U135/><E135/><V36/><F36/><W117/><G117/><T9/><D7/><U72/><E63/><V97/><F97/><W122/><G122/><T25/><REACH who="0" step="1"/><D127/><REACH who="0" ten="185,416,67,322" step="2"/><N who="2" m="48682" /><F31/><W12/><G112/><T42/><D42/><U85/><AGARI ba="0,1" hai="44,45,46,60,67,69,72,76,77,80,82,85,116,119" machi="85" ten="30,1100,0" yaku="0,1" doraHai="133" who="1" fromWho="1" sc="185,-5,416,21,67,-3,322,-3" /><INIT seed="5,0,0,0,5,19" ten="180,437,64,319" oya="1" hai0="49,76,119,91,45,53,47,81,95,130,114,71,63" hai1="61,72,93,40,84,78,120,124,117,103,127,135,0" hai2="111,60,97,9,44,30,109,8,82,92,102,80,17" hai3="133,65,115,134,31,37,112,79,107,7,56,41,22"/><U89/><E0/><V118/><F118/><W12/><G107/><T27/><D114/><N who="3" m="43561" /><G79/><T67/><D130/><U96/><E40/><V64/><F111/><W108/><G37/><T21/><D119/><U55/><E117/><V90/><F109/><W110/><G41/><T129/><D129/><U13/><E120/><V3/><F3/><W52/><G65/><T125/><D125/><N who="1" m="48203" /><E135/><N who="3" m="51722" /><G7/><T34/><D34/><U123/><E123/><V4/><F4/><W10/><G10/><T106/><D106/><U100/><E72/><V122/><F122/><W74/><G74/><T48/><D81/><N who="1" m="47159" /><E55/><V87/><F80/><W105/><G105/><T33/><D33/><U24/><E61/><V28/><F44/><W1/><G1/><T26/><D76/><U77/><E77/><V20/><F8/><W5/><G5/><T59/><D47/><U14/><E100/><V98/><F9/><W68/><G68/><T25/><D71/><U29/><E103/><V94/><F60/><N who="3" m="35847" /><G12/><T69/><D69/><U51/><E14/><V16/><F64/><W11/><G11/><T38/><D38/><U46/><E13/><V75/><F75/><W42/><G42/><T121/><D121/><U50/><E46/><V88/><F17/><W126/><G126/><T128/><D128/><U113/><E113/><V39/><F39/><W43/><G43/><T58/><D45/><U101/><E101/><V23/><F16/><W116/><G116/><T6/><D6/><U15/><E15/><V99/><F99/><W73/><G73/><T2/><D2/><U85/><E96/><V70/><F70/><RYUUKYOKU ba="0,0" sc="180,-30,437,10,64,10,319,10" hai1="24,29,50,51,85,89,93" hai2="20,23,28,30,82,87,88,90,92,94,97,98,102" hai3="22,31,108,110" /><INIT seed="5,1,0,5,4,2" ten="150,447,74,329" oya="1" hai0="85,15,127,102,109,86,30,8,90,77,16,71,58" hai1="99,126,41,105,97,13,22,6,60,84,1,83,12" hai2="112,135,34,92,50,125,111,5,11,20,45,31,119" hai3="100,27,98,14,39,57,110,94,79,9,62,69,49"/><U70/><E1/><V23/><F111/><W36/><G110/><T108/><D71/><U78/><E41/><V26/><F119/><W120/><G120/><T123/><D127/><U7/><E126/><V43/><F125/><W59/><G69/><T73/><D123/><U44/><E44/><V93/><F135/><W61/><G49/><T65/><D73/><U88/><E105/><V38/><F112/><W121/><G79/><T10/><D102/><U75/><E70/><V37/><F37/><W28/><G59/><T32/><D32/><U17/><E60/><V74/><F74/><W42/><G62/><T122/><D30/><U35/><E35/><V24/><F38/><W104/><G42/><T95/><D122/><U66/><E66/><V133/><F133/><W4/><G104/><T55/><D65/><U3/><E3/><V91/><F91/><W124/><G121/><T0/><D0/><U81/><E13/><V89/><F89/><W53/><REACH who="3" step="1"/><G124/><REACH who="3" ten="150,447,74,319" step="2"/><T106/><D106/><U21/><E78/><V117/><F117/><W82/><G82/><N who="0" m="47311" /><D109/><U47/><E83/><V113/><F113/><W51/><G51/><N who="0" m="31103" /><D108/><U18/><E47/><V48/><F48/><W56/><G56/><T67/><D67/><U128/><E81/><V63/><F63/><W130/><G130/><T33/><D33/><AGARI ba="1,1" hai="4,9,14,27,28,33,36,39,53,57,61,94,98,100" machi="33" ten="30,7700,0" yaku="1,1,7,1,52,1,53,1" doraHai="2" doraHaiUra="29" who="3" fromWho="0" sc="150,-80,447,0,74,0,319,90" /><INIT seed="6,0,0,2,0,39" ten="70,447,74,409" oya="2" hai0="108,35,121,100,133,83,73,16,60,54,31,55,22" hai1="23,93,69,67,58,33,41,32,53,122,112,70,17" hai2="126,62,102,77,68,57,71,44,135,84,99,27,18" hai3="91,94,90,111,134,15,19,131,52,124,61,85,45"/><V118/><F118/><W72/><G72/><T3/><D108/><U123/><E112/><V56/><F135/><W101/><G111/><T1/><D121/><N who="1" m="46091" /><E41/><V128/><F128/><W127/><G134/><T9/><D133/><U26/><E93/><V75/><F75/><W5/><G5/><T105/><D105/><U21/><E21/><V25/><F126/><W107/><G107/><T29/><D100/><U4/><E67/><V49/><F71/><N who="1" m="27145" /><E4/><V46/><F68/><W114/><G114/><T11/><D1/><U89/><E89/><V48/><F102/><W50/><G101/><T104/><D104/><U8/><E8/><V43/><F99/><W125/><G131/><T74/><D9/><U106/><E106/><V47/><F18/><W130/><G130/><T13/><D31/><U115/><E115/><V79/><F84/><W98/><G61/><AGARI ba="0,0" hai="17,23,26,32,33,53,58,61" m="27145,46091" machi="61" ten="30,1000,0" yaku="13,1" doraHai="39" who="1" fromWho="3" sc="70,0,447,10,74,0,409,-10" /><INIT seed="7,0,0,0,5,53" ten="70,457,74,399" oya="3" hai0="50,65,22,99,3,42,23,122,77,13,133,15,75" hai1="1,104,49,124,54,38,8,93,101,117,33,44,61" hai2="123,72,80,14,21,105,120,113,28,82,59,111,74" hai3="108,12,97,118,83,39,78,67,41,51,125,68,130"/><W132/><G118/><T11/><D3/><U131/><E33/><V66/><F111/><W107/><G108/><T40/><D122/><N who="2" m="46634" /><F105/><W45/><G130/><T71/><D133/><U56/><E104/><V76/><F113/><W110/><G110/><T127/><D127/><U9/><E38/><V96/><F96/><W134/><G125/><T85/><D75/><N who="2" m="28714" /><F76/><W63/><G12/><N who="0" m="4683" /><D71/><U69/><E69/><V16/><F28/><W17/><G17/><T43/><D65/><U47/><E9/><V6/><F6/><W91/><G39/><T27/><D11/><U89/><E56/><V48/><F48/><W126/><G126/><T58/><D99/><U36/><E54/><V98/><F98/><W79/><G83/><N who="0" m="47343" /><D27/><U102/><E47/><V119/><F119/><W26/><G26/><T70/><D70/><U64/><E89/><V10/><F10/><W18/><G18/><T7/><D7/><U0/><E0/><V24/><F24/><W121/><G121/><T92/><D92/><U34/><E34/><V4/><F4/><W84/><G84/><T128/><D128/><U25/><E101/><V52/><F52/><AGARI ba="0,0" hai="22,23,40,42,43,50,52,58" m="47343,4683" machi="52" ten="30,3900,0" yaku="8,1,52,1,54,1" doraHai="53" who="0" fromWho="2" sc="70,39,457,0,74,-39,399,0" owari="109,-29.0,457,55.0,35,-46.0,399,20.0" /></mjloggm>