<mjloggm ver="2.3"><GO type="169" lobby="0"/><UN n0="%E3%83%97%E3%83%AC%E3%82%B9%E3%83%97" n1="%E3%83%96%E3%83%AB%E3%83%BC%E3%82%AB%E3%83%9F%E3%82%AB%E3%82%BC" n2="%65%6B%61%72%75%74%65" n3="%E6%B0%B4%E5%93%89%E3%81%AE%E3%83%AC%E3%82%B8%E3%82%A7%E3%83%B3%E3%83%89" dan="16,16,16,16" rate="2080.58,2099.38,2077.04,2153.61" sx="M,M,M,M"/><TAIKYOKU oya="0"/><INIT seed="0,0,0,3,0,19" ten="250,250,250,250" oya="0" hai0="23,8,59,83,3,97,71,103,36,101,116,11,89" hai1="96,109,13,46,110,29,33,42,57,32,102,40,100" hai2="95,12,72,104,73,15,128,135,21,55,47,22,10" hai3="129,117,93,124,108,113,122,90,56,64,88,84,120"/><T24/><D71/><U14/><E57/><V127/><F104/><W91/><G64/><T65/><D116/><U1/><E29/><V132/><F127/><W50/><G50/><T5/><D36/><U51/><E1/><V85/><F128/><W106/><G56/><T134/><D134/><N who="2" m="51242" /><F95/><W41/><G41/><T77/><D11/><U131/><E131/><V31/><F85/><W114/><G129/><T45/><D45/><U44/><E96/><V94/><F94/><W79/><G124/><T112/><D112/><N who="3" m="43113" /><G117/><T78/><D101/><U126/><E51/><N who="2" m="29183" /><F31/><W28/><G28/><T20/><D89/><N who="3" m="34409" /><G108/><T119/><D119/><U4/><E4/><N who="2" m="3143" /><F15/><W48/><G48/><T6/><D6/><U80/><E80/><V118/><F118/><W60/><G60/><N who="0" m="38047" /><D83/><U130/><E130/><V81/><F81/><N who="3" m="47167" /><G106/><T53/><D53/><U123/><E126/><V87/><F87/><AGARI ba="0,0" hai="87,91,93,120,122" m="47167,34409,43113" machi="87" ten="30,3900,0" yaku="34,2,54,1" doraHai="19" who="3" fromWho="2" sc="250,0,250,0,250,-39,250,39" /><INIT seed="1,0,0,5,1,91" ten="250,250,211,289" oya="1" hai0="66,125,3,85,16,70,126,59,75,124,90,31,111" hai1="92,131,86,128,34,63,82,118,36,4,50,33,55" hai2="100,80,127,13,112,73,37,44,39,28,116,25,121" hai3="113,6,94,88,68,83,135,122,30,98,41,79,93"/><U23/><E36/><V7/><F116/><W101/><G122/><T46/><D75/><U71/><E118/><V95/><F121/><W26/><G113/><T48/><D111/><U64/><E4/><V77/><F127/><W87/><G135/><T61/><D3/><U45/><E23/><V19/><F112/><W120/><G120/><T40/><D31/><U74/><E74/><V35/><F7/><W58/><G68/><T110/><D110/><U81/><E81/><V2/><F2/><W65/><G41/><T32/><D32/><U17/><E17/><V57/><F57/><W105/><G6/><T54/><D16/><U10/><E10/><V9/><REACH who="2" step="1"/><F44/><REACH who="2" ten="250,250,201,289" step="2"/><W14/><G58/><T49/><D70/><U107/><E131/><V43/><F43/><W84/><G65/><T29/><D66/><U117/><E128/><V62/><F62/><W130/><G130/><T0/><D0/><U114/><E117/><V56/><F56/><W76/><G14/><T53/><D40/><U115/><E114/><V38/><F38/><W24/><G24/><T108/><D108/><U11/><E115/><V20/><F20/><N who="3" m="15687" /><G105/><T69/><D69/><U97/><E107/><V22/><F22/><W5/><G5/><T96/><D61/><U27/><E27/><V106/><F106/><W18/><G18/><T103/><D124/><U134/><E11/><V52/><F52/><W8/><G8/><T15/><D125/><U78/><E134/><V133/><F133/><W51/><G51/><T60/><D126/><U12/><E12/><V47/><F47/><W102/><G79/><RYUUKYOKU ba="0,1" sc="250,-30,250,10,201,10,289,10" hai1="33,34,45,50,55,63,64,71,78,82,86,92,97" hai2="9,13,19,25,28,35,37,39,73,77,80,95,100" hai3="76,83,84,87,88,93,94,98,101,102" /><INIT seed="1,1,1,4,1,53" ten="220,260,211,299" oya="1" hai0="10,64,35,78,119,58,0,74,60,105,56,26,124" hai1="73,123,51,15,83,81,130,7,89,24,32,94,72" hai2="103,113,126,117,54,5,45,133,100,96,102,75,134" hai3="30,33,86,85,55,39,65,2,12,48,22,14,38"/><U111/><E123/><V99/><F117/><W118/><G118/><T29/><D119/><U70/><E70/><V135/><F5/><W112/><G112/><T8/><D124/><U125/><E125/><V122/><F126/><W121/><G121/><T101/><D0/><U71/><E71/><V50/><F122/><W47/><G2/><T6/><D78/><U43/><E130/><V127/><F127/><W17/><G65/><T131/><D131/><U25/><E32/><V49/><F113/><W115/><G115/><T77/><D6/><U104/><E104/><V27/><F75/><W80/><G86/><T84/><D74/><U61/><E61/><V109/><F109/><W16/><G33/><T106/><D106/><U91/><E111/><V114/><F114/><W69/><G30/><T79/><D79/><U116/><E116/><V57/><REACH who="2" step="1"/><F27/><REACH who="2" ten="220,260,201,299" step="2"/><N who="1" m="10313" /><E73/><V52/><AGARI ba="1,2" hai="45,49,50,52,54,57,96,99,100,102,103,133,134,135" machi="52" ten="40,12000,2" yaku="1,1,0,1,20,1,52,1,54,1,53,1" doraHai="53" doraHaiUra="40" who="2" fromWho="2" sc="220,-31,260,-61,201,143,299,-31" /><INIT seed="2,0,0,5,2,41" ten="189,199,344,268" oya="2" hai0="76,19,125,52,2,85,73,105,72,132,46,77,8" hai1="111,43,61,42,71,102,84,54,30,53,24,100,120" hai2="103,104,96,32,10,23,31,99,62,70,59,21,64" hai3="80,98,93,29,107,88,90,16,78,6,127,50,5"/><V67/><F99/><W22/><G127/><T28/><D132/><U108/><E84/><V117/><F117/><W12/><G29/><T45/><D125/><U126/><E126/><V0/><F67/><W49/><G107/><T58/><D105/><U37/><E24/><V91/><F91/><W130/><G130/><T40/><D2/><U7/><E7/><N who="2" m="1383" /><F59/><W94/><G6/><T65/><D28/><U114/><E30/><V112/><F112/><W48/><G5/><T47/><D65/><U17/><E114/><V119/><F119/><W87/><REACH who="3" step="1"/><G49/><REACH who="3" ten="189,199,344,258" step="2"/><N who="0" m="30991" /><D73/><AGARI ba="0,1" hai="12,16,22,48,50,73,78,80,87,88,90,93,94,98" machi="73" ten="30,7700,0" yaku="1,1,7,1,54,2,53,0" doraHai="41" doraHaiUra="113" who="3" fromWho="0" sc="189,-77,199,0,344,0,258,87" /><INIT seed="3,0,0,2,3,89" ten="112,199,344,345" oya="3" hai0="24,49,32,98,100,99,1,63,125,109,80,36,107" hai1="113,130,123,23,25,4,82,45,11,97,44,111,93" hai2="115,13,0,18,103,134,78,28,62,70,108,105,42" hai3="74,117,91,119,30,43,128,72,27,121,88,94,38"/><W9/><G121/><T81/><D36/><U33/><E33/><V75/><F115/><W68/><G68/><T120/><D120/><U16/><E111/><V73/><F108/><W127/><G128/><T101/><D1/><U41/><E130/><V17/><F134/><W71/><G71/><T76/><D109/><U116/><E113/><V132/><F0/><W83/><G127/><T53/><D125/><U39/><E116/><V29/><F42/><W58/><G117/><T86/><D63/><U60/><E60/><V12/><F103/><W124/><G119/><T87/><D32/><U10/><E123/><V52/><F105/><W95/><G124/><T69/><D69/><U40/><E82/><V126/><F126/><W31/><G58/><T22/><D81/><U92/><E97/><V5/><F5/><W15/><G38/><T64/><D64/><U104/><E104/><V37/><F37/><W135/><G43/><N who="1" m="16458" /><E39/><V85/><F75/><W59/><G135/><T106/><D80/><U35/><E35/><V114/><F73/><W8/><G59/><T67/><D67/><U19/><E19/><V50/><F18/><W56/><G56/><T90/><D76/><U26/><E26/><V118/><F17/><W7/><G83/><T3/><D3/><U57/><E57/><N who="2" m="32919" /><F70/><W48/><G48/><T54/><D49/><U133/><E133/><V66/><F132/><W96/><G8/><N who="1" m="3114" /><E4/><V34/><F118/><W84/><G30/><N who="2" m="11881" /><F34/><AGARI ba="0,0" hai="7,9,15,27,31,34,72,74,84,88,91,94,95,96" machi="34" ten="30,11600,0" yaku="7,1,52,2,54,1" doraHai="89" who="3" fromWho="2" sc="112,0,199,0,344,-116,345,116" /><INIT seed="3,1,0,5,4,56" ten="112,199,228,461" oya="3" hai0="77,133,63,23,53,66,83,3,28,8,87,58,57" hai1="36,135,115,107,31,111,130,127,67,44,80,72,14" hai2="90,122,84,99,91,41,103,19,64,26,62,118,119" hai3="69,11,116,59,18,37,86,70,89,7,109,43,100"/><W68/><G116/><T13/><D133/><U78/><E14/><V65/><F122/><W24/><G100/><T113/><D113/><U96/><E115/><V129/><F129/><W108/><G37/><T22/><D28/><U5/><E127/><V126/><F126/><W48/><G24/><T105/><D3/><U121/><E121/><V128/><F128/><W95/><G18/><T104/><D104/><U125/><E135/><V85/><F41/><W4/><G43/><T124/><D105/><U47/><E47/><V38/><F38/><W35/><G35/><T76/><D76/><U39/><E130/><V73/><F73/><W12/><G7/><T34/><D34/><U132/><E111/><N who="3" m="42570" /><G48/><T120/><D120/><U110/><E110/><V16/><F26/><W71/><G71/><T61/><D124/><U74/><E74/><V114/><F114/><W112/><G112/><T92/><D92/><U46/><E5/><AGARI ba="1,0" hai="5,8,13,22,23,53,57,58,61,63,66,77,83,87" machi="5" ten="30,7700,0" yaku="7,1,8,1,52,2" doraHai="56" who="0" fromWho="1" sc="112,80,199,-80,228,0,461,0" /><INIT seed="4,0,0,1,5,73" ten="192,119,228,461" oya="0" hai0="39,89,118,15,34,63,103,102,16,119,64,48,83" hai1="75,87,76,17,2,72,106,29,8,130,59,99,115" hai2="109,121,85,35,110,43,0,25,135,61,56,100,52" hai3="58,18,40,19,79,42,33,131,93,117,68,7,62"/><T108/><D39/><U14/><E2/><V101/><F121/><W132/><G68/><T129/><D129/><U9/><E130/><V26/><F135/><W105/><G105/><T36/><D36/><U45/><E115/><V111/><F0/><W94/><G33/><T47/><D108/><U1/><E29/><V98/><F43/><W11/><G131/><T49/><D34/><U120/><E45/><V71/><F71/><W128/><G128/><T92/><D83/><U125/><E125/><V80/><F35/><W78/><G117/><T31/><D31/><U3/><E120/><V22/><F22/><W134/><G7/><T23/><D118/><U20/><E3/><V55/><F55/><W74/><G74/><T28/><D28/><U66/><E1/><V6/><F6/><W70/><G70/><T38/><D38/><U50/><E75/><V96/><F96/><W82/><G82/><T51/><D47/><U54/><E66/><V12/><F12/><W69/><G69/><T32/><D32/><U4/><E72/><V114/><F114/><W122/><G122/><T88/><D119/><U116/><E4/><V112/><F112/><W21/><G11/><T113/><D113/><U37/><E37/><V60/><F111/><W30/><G30/><T77/><D77/><U27/><E116/><V10/><F110/><W24/><G134/><T46/><D46/><U97/><E106/><V90/><F10/><N who="1" m="4201" /><E14/><V127/><F109/><W44/><G132/><T126/><D126/><U41/><E41/><N who="3" m="15978" /><G19/><T67/><D67/><U133/><E133/><V91/><F127/><RYUUKYOKU ba="0,0" sc="192,-10,119,30,228,-10,461,-10" hai1="17,20,27,50,54,59,76,87,97,99" /><INIT seed="5,1,0,1,3,40" ten="182,149,218,451" oya="1" hai0="46,69,10,85,15,119,45,81,95,128,82,39,3" hai1="61,78,33,29,5,48,129,35,19,77,30,110,104" hai2="131,88,121,47,74,16,17,93,65,75,9,96,60" hai3="67,42,59,49,25,114,1,100,108,113,13,26,80"/><U22/><E104/><V72/><F121/><W120/><G1/><T27/><D119/><U112/><E61/><V41/><F131/><W105/><G108/><T14/><D69/><U31/><E129/><V92/><F92/><W91/><G120/><T58/><D128/><U107/><E107/><V123/><F123/><W102/><G13/><T89/><D39/><U124/><E124/><V127/><F9/><W12/><G12/><T70/><D70/><U23/><E112/><V115/><F115/><N who="3" m="44043" /><G67/><T84/><D27/><N who="3" m="10249" /><G105/><T52/><D3/><U21/><E19/><V4/><F4/><W79/><G91/><N who="0" m="51607" /><D81/><U133/><E133/><V53/><F53/><N who="3" m="32175" /><G42/><T34/><D34/><U109/><E48/><V24/><F24/><W66/><G66/><T28/><D28/><U55/><E55/><V97/><F97/><W73/><AGARI ba="1,0" hai="73,79,80,100,102" m="32175,10249,44043" machi="73" ten="30,1100,0" yaku="15,1" doraHai="40" who="3" fromWho="3" sc="182,-4,149,-6,218,-4,451,14" /><INIT seed="6,0,0,1,5,50" ten="178,143,214,465" oya="2" hai0="11,41,46,104,67,97,130,99,16,100,23,33,114" hai1="14,126,13,116,81,8,60,75,10,86,55,35,91" hai2="12,92,123,133,6,94,1,83,102,28,25,135,76" hai3="103,42,134,52,105,131,59,71,27,101,40,122,62"/><V18/><F123/><W129/><G122/><T5/><D114/><U22/><E35/><V117/><F117/><W20/><G71/><T115/><D115/><U51/><E116/><V108/><F108/><W38/><G134/><N who="2" m="51209" /><F6/><W7/><G7/><T72/><D72/><U109/><E109/><V24/><F1/><W106/><G103/><T69/><D130/><N who="3" m="49673" /><G38/><T48/><D33/><U30/><E75/><N who="2" m="43423" /><F102/><W107/><G101/><T90/><D69/><U113/><E60/><V66/><F66/><W49/><G62/><T2/><D67/><U39/><E39/><V9/><F25/><W124/><G124/><T73/><D73/><U4/><E126/><V47/><F47/><W98/><G98/><T88/><D99/><U78/><E113/><V118/><F118/><W26/><G26/><AGARI ba="0,0" hai="2,5,11,16,23,26,41,46,48,88,90,97,100,104" machi="26" ten="30,3900,0" yaku="7,1,54,2" doraHai="50" who="0" fromWho="3" sc="178,39,143,0,214,0,465,-39" /><INIT seed="7,0,0,3,1,118" ten="217,143,214,426" oya="3" hai0="20,29,22,83,34,54,15,124,82,57,122,33,59" hai1="123,40,28,63,35,21,30,105,55,42,0,120,96" hai2="39,98,108,132,4,14,130,71,74,12,66,77,76" hai3="45,8,31,24,46,1,110,121,116,94,36,86,92"/><W47/><G36/><T49/><D122/><U19/><E0/><V88/><F108/><W112/><G116/><T23/><D124/><U37/><E37/><V2/><F39/><W87/><G121/><T102/><D102/><U115/><E35/><V135/><F130/><W79/><G110/><T78/><D34/><U16/><E105/><V32/><F32/><W125/><G125/><T73/><D33/><U80/><E80/><N who="2" m="45079" /><F77/><W89/><G112/><T101/><D101/><U38/><E38/><V93/><F66/><W111/><G111/><T6/><D29/><U50/><E63/><V18/><F71/><W58/><G58/><T81/><D57/><U65/><E96/><V90/><F90/><W85/><G79/><T84/><D73/><U128/><E21/><V26/><F26/><W48/><G48/><T3/><D3/><U68/><E50/><V62/><F18/><W61/><G61/><T52/><D54/><U64/><E55/><V13/><F62/><W133/><G1/><T91/><D78/><U97/><E97/><V117/><F117/><W67/><G89/><T106/><D106/><U114/><E128/><V95/><F95/><W44/><G92/><T43/><D43/><U75/><E75/><V127/><F127/><W126/><G94/><T100/><D100/><U5/><E5/><V10/><F2/><W7/><G7/><T9/><AGARI ba="0,0" hai="6,9,15,20,22,23,49,52,59,81,82,83,84,91" machi="9" ten="30,4000,0" yaku="0,1,8,1,54,1" doraHai="118" who="0" fromWho="0" sc="217,40,143,-10,214,-10,426,-20" owari="257,6.0,133,-37.0,204,-20.0,406,51.0" /></mjloggm>