<mjloggm ver="2.3"><GO type="169" lobby="0"/><UN n0="%E3%81%BE%E3%83%BC%E3%81%8F%E3%81%96%E3%81%84%E3%82%93" n1="%E6%84%9B%E5%86%85%E9%87%8C%E8%8F%9C" n2="%6D%69%6E%64%6D%61%70" n3="%E6%A0%B9%E5%85%83%E3%81%8B%E3%82%89%E5%90%B9%E3%81%A3%E9%A3%9B%E3%81%B6" dan="16,18,16,16" rate="2179.16,2257.61,2120.82,2117.17" sx="M,F,M,F"/><TAIKYOKU oya="0"/><INIT seed="0,0,0,2,1,102" ten="250,250,250,250" oya="0" hai0="23,42,100,14,77,129,128,120,133,99,116,46,108" hai1="126,74,111,95,67,59,39,15,34,97,13,118,6" hai2="9,26,79,3,75,101,127,63,131,19,68,82,11" hai3="134,1,119,51,22,40,35,107,90,4,112,24,54"/><T98/><D116/><U48/><E118/><V44/><F127/><W21/><G112/><T88/><D120/><U36/><E74/><V113/><F113/><W65/><G107/><N who="0" m="63895" /><D77/><U81/><E34/><V84/><F131/><N who="0" m="50250" /><D133/><U66/><E126/><V94/><F3/><W78/><G134/><T37/><D108/><U12/><E111/><V38/><F101/><W114/><G119/><T7/><D7/><U5/><E5/><V50/><F38/><W61/><G114/><T8/><D8/><U52/><E81/><V72/><F72/><W58/><G78/><T93/><D23/><U121/><E121/><V31/><F68/><W16/><G22/><T104/><D14/><U115/><E115/><V125/><F19/><W30/><G4/><T92/><D92/><U124/><E124/><V109/><F109/><W60/><G1/><T70/><D70/><U69/><E69/><V91/><F125/><W85/><G35/><T17/><D17/><U49/><E6/><V106/><F106/><AGARI ba="0,0" hai="37,42,46,88,93,99,104,106" m="50250,63895" machi="106" ten="30,12000,1" yaku="19,1,52,3,54,1" doraHai="102" who="0" fromWho="2" sc="250,120,250,0,250,-120,250,0" /><INIT seed="0,1,0,4,4,83" ten="370,250,130,250" oya="0" hai0="19,27,115,128,71,96,64,78,118,74,126,82,67" hai1="57,59,24,48,88,63,86,104,46,108,34,132,84" hai2="92,37,73,49,47,50,58,135,111,11,91,61,9" hai3="72,42,41,117,35,3,30,31,134,13,113,80,22"/><T90/><D115/><U43/><E104/><V133/><F73/><W32/><G72/><T112/><D112/><U6/><E6/><V123/><F123/><W131/><G80/><T100/><D118/><U18/><E108/><V119/><F119/><W68/><G68/><T17/><D126/><U20/><E132/><N who="2" m="50763" /><F111/><W75/><G75/><T60/><D128/><U1/><E1/><V26/><F37/><W94/><G113/><T105/><D67/><U38/><E34/><N who="3" m="12842" /><G94/><T56/><D27/><U23/><E38/><V66/><F26/><N who="3" m="16727" /><G42/><T107/><D107/><U120/><E120/><V93/><F93/><W2/><G131/><T97/><D71/><U85/><E23/><V103/><F103/><W62/><G62/><T121/><D121/><U55/><E59/><V28/><F28/><W12/><G31/><T95/><AGARI ba="1,0" hai="17,19,56,60,64,74,78,82,90,95,96,97,100,105" machi="95" ten="30,1500,0" yaku="0,1" doraHai="83" who="0" fromWho="0" sc="370,18,250,-6,130,-6,250,-6" /><INIT seed="0,2,0,2,2,20" ten="388,244,124,244" oya="0" hai0="126,64,80,27,116,68,129,81,106,118,115,96,51" hai1="133,87,47,54,57,8,75,3,124,100,38,25,53" hai2="13,10,72,60,108,7,91,94,73,2,77,63,127" hai3="59,39,120,117,78,128,12,15,19,32,97,74,112"/><T85/><D115/><U61/><E75/><V86/><F108/><W76/><G117/><T132/><D132/><U48/><E133/><V92/><F127/><W119/><G119/><T122/><D122/><U95/><E124/><V49/><F2/><W66/><G112/><T99/><D126/><U84/><E38/><V58/><F72/><W71/><G71/><T83/><D129/><U42/><E3/><V125/><F125/><W110/><G39/><T123/><D123/><U121/><E121/><V134/><F134/><W135/><G32/><T105/><D51/><U93/><E8/><V88/><F77/><W56/><G74/><T11/><D85/><U98/><E42/><V0/><F73/><W43/><G43/><T103/><D11/><U44/><E44/><V17/><F49/><W102/><G128/><T109/><D109/><U90/><REACH who="1" step="1"/><E25/><REACH who="1" ten="388,234,124,244" step="2"/><V36/><F36/><W29/><G135/><T67/><D27/><U24/><E24/><V26/><F0/><W37/><G37/><T50/><D116/><U40/><E40/><V65/><F63/><W69/><G120/><T55/><D118/><U130/><E130/><V6/><REACH who="2" step="1"/><F26/><REACH who="2" ten="388,234,114,244" step="2"/><W22/><G110/><T107/><D68/><U1/><E1/><V4/><F4/><W14/><G69/><T82/><D105/><U30/><E30/><V114/><F114/><W41/><G41/><T131/><D131/><U52/><E52/><V89/><F89/><W16/><G76/><T31/><D106/><U34/><E34/><V23/><F23/><W9/><G78/><T28/><N who="0" m="20480" /><DORA hai="21" /><T113/><D107/><RYUUKYOKU ba="2,2" sc="388,-15,234,15,114,15,244,-15" hai1="47,48,53,54,57,61,84,87,90,93,95,98,100" hai2="6,7,10,13,17,58,60,65,86,88,91,92,94" /><INIT seed="1,3,2,2,2,38" ten="373,249,129,229" oya="1" hai0="107,126,53,20,95,29,100,98,105,22,83,115,85" hai1="51,16,7,103,93,58,69,13,55,5,34,26,131" hai2="124,39,0,114,42,125,43,71,57,33,76,56,32" hai3="49,1,119,106,90,41,116,128,65,6,117,75,35"/><U101/><E69/><V18/><F0/><W54/><G128/><T8/><D115/><U21/><E131/><V40/><F114/><W36/><G106/><T89/><D126/><N who="2" m="48746" /><F39/><W108/><G108/><T127/><D127/><U123/><E123/><V109/><F109/><W130/><G130/><T118/><D118/><U102/><E34/><N who="2" m="13419" /><F71/><W25/><G75/><T129/><D129/><U44/><E26/><V88/><F76/><W30/><G65/><T61/><D8/><U47/><REACH who="1" step="1"/><E93/><REACH who="1" ten="373,239,129,229" step="2"/><V92/><F18/><W133/><G117/><T50/><D105/><U14/><E14/><V86/><AGARI ba="3,3" hai="40,42,43,56,57,86,88,92" m="13419,48746" machi="86" ten="40,8000,1" yaku="18,1,52,3,54,1" doraHai="38" who="2" fromWho="2" sc="373,-23,239,-43,129,119,229,-23" /><INIT seed="2,0,0,3,5,133" ten="350,196,248,206" oya="2" hai0="28,38,61,119,75,91,96,14,126,11,107,97,67" hai1="26,88,98,116,78,121,118,72,103,81,1,0,16" hai2="62,31,9,112,45,49,24,85,8,113,4,122,50" hai3="37,47,101,134,69,21,3,65,110,23,2,80,117"/><V20/><F122/><W44/><G117/><T79/><D38/><U13/><E121/><V132/><F132/><W39/><G134/><T108/><D119/><U73/><E73/><V131/><F131/><W46/><G110/><T100/><D108/><U104/><E26/><V19/><F62/><W40/><G101/><T106/><D28/><U54/><E118/><V27/><F50/><W10/><G80/><T70/><D79/><U124/><E116/><V7/><F85/><W90/><G90/><T57/><D75/><U52/><E124/><V17/><F49/><W12/><G65/><T22/><D22/><U102/><E102/><V15/><F45/><W105/><G105/><T35/><D35/><U59/><E88/><V53/><F53/><W6/><G69/><T84/><D70/><U48/><REACH who="1" step="1"/><E54/><REACH who="1" ten="350,186,248,206" step="2"/><V127/><F127/><W77/><G77/><T115/><D126/><U76/><E76/><V109/><F109/><W129/><G129/><T60/><D91/><U42/><E42/><V5/><F8/><AGARI ba="0,1" hai="0,1,8,13,16,48,52,59,72,78,81,98,103,104" machi="8" ten="30,7700,0" yaku="1,1,7,1,54,2,53,0" doraHai="133" doraHaiUra="120" who="1" fromWho="2" sc="350,0,186,87,248,-77,206,0" /><INIT seed="3,0,0,2,0,11" ten="350,273,171,206" oya="3" hai0="85,119,16,12,36,109,127,97,123,124,81,100,72" hai1="44,62,20,129,27,121,128,65,51,113,106,40,52" hai2="0,1,70,50,38,64,24,28,22,73,87,35,117" hai3="132,82,48,8,125,15,131,104,26,91,103,84,18"/><W14/><G131/><N who="1" m="50250" /><E106/><V99/><F117/><W115/><G115/><T9/><D119/><U69/><E20/><V110/><F73/><W116/><G116/><T45/><D72/><U61/><E27/><V21/><F38/><W126/><G132/><T130/><D130/><U39/><E113/><V122/><F122/><W90/><G26/><T114/><D109/><U37/><E121/><V55/><F110/><W135/><G135/><T58/><D114/><U88/><E88/><V71/><F99/><N who="3" m="61567" /><G90/><N who="0" m="51503" /><D123/><U6/><E6/><V94/><F0/><W105/><G105/><T75/><D75/><U47/><E61/><V59/><F1/><W34/><G34/><T3/><D3/><U17/><E17/><V83/><F94/><W134/><G134/><T56/><D97/><U41/><E47/><V31/><F64/><W95/><G48/><T46/><D100/><U79/><E79/><V78/><REACH who="2" step="1"/><F31/><REACH who="2" ten="350,273,161,206" step="2"/><W120/><G120/><T80/><D80/><U92/><E92/><V29/><F29/><W57/><G95/><T77/><D77/><U98/><E98/><V74/><F74/><W43/><G82/><T49/><D36/><AGARI ba="0,1" hai="36,37,39,40,41,44,51,52,62,65,69" m="50250" machi="36" ten="30,7700,0" yaku="19,1,34,2,54,1" doraHai="11" who="1" fromWho="0" sc="350,-77,273,87,161,0,206,0" /><INIT seed="4,0,0,4,0,21" ten="273,360,161,206" oya="0" hai0="77,42,88,106,104,110,91,17,44,124,46,53,129" hai1="132,9,31,135,117,125,97,57,78,39,26,18,19" hai2="122,69,12,115,22,80,82,96,128,28,63,64,112" hai3="33,101,85,56,59,54,84,75,50,116,126,36,7"/><T38/><D77/><U99/><E39/><V24/><F122/><W86/><G116/><T93/><D129/><U98/><E117/><V34/><F128/><W14/><G33/><T134/><D134/><N who="1" m="51243" /><E125/><V30/><F96/><W37/><G75/><T65/><D124/><U83/><E57/><V20/><F20/><W94/><G126/><T0/><D0/><U8/><E8/><V47/><F47/><W1/><G1/><T133/><D133/><U90/><E90/><V40/><F40/><W68/><G68/><T76/><D76/><U43/><E43/><V81/><F12/><W74/><G74/><T48/><D65/><U4/><E4/><V89/><F89/><W27/><G37/><T6/><D6/><U102/><E102/><V131/><F131/><W5/><G36/><T109/><D91/><U119/><E9/><V127/><REACH who="2" step="1"/><F127/><REACH who="2" ten="273,360,151,206" step="2"/><W114/><G101/><T113/><D113/><U66/><E99/><V107/><F107/><W45/><G114/><T130/><D130/><U73/><E98/><V35/><F35/><W123/><G123/><T92/><D104/><U100/><E97/><V120/><F120/><W67/><G14/><T23/><D106/><U3/><E100/><V25/><AGARI ba="0,1" hai="22,24,25,28,30,34,63,64,69,80,81,82,112,115" machi="25" ten="30,8000,1" yaku="1,1,0,1,52,2,53,1" doraHai="21" doraHaiUra="16" who="2" fromWho="2" sc="273,-40,360,-20,151,90,206,-20" /><INIT seed="5,0,0,4,4,7" ten="233,340,241,186" oya="1" hai0="133,97,120,123,130,94,48,96,113,112,62,19,32" hai1="128,95,115,91,72,51,118,26,88,6,71,84,13" hai2="73,58,98,90,16,102,66,36,111,27,119,9,22" hai3="65,81,1,99,68,17,67,39,117,126,70,20,3"/><U127/><E118/><V25/><F111/><W23/><G117/><T63/><D32/><U75/><E71/><N who="3" m="27178" /><G99/><N who="0" m="37963" /><D94/><U0/><E0/><N who="3" m="74" /><G81/><T30/><D30/><U93/><E115/><N who="0" m="44105" /><D130/><U15/><E128/><V116/><F27/><W110/><G17/><T56/><D133/><U53/><E26/><V33/><F33/><W41/><G41/><T106/><D106/><U52/><E51/><V86/><F98/><W44/><G44/><T76/><D76/><U42/><E42/><V131/><F25/><W83/><G83/><T28/><D28/><U79/><E79/><V31/><F31/><W11/><G39/><T69/><D69/><U37/><E37/><V85/><F36/><W132/><G132/><T122/><D19/><U87/><E6/><V114/><F131/><W74/><G74/><T109/><D109/><U10/><E72/><V82/><F73/><W49/><G49/><T45/><D56/><U124/><E75/><V105/><F58/><W47/><G47/><T135/><D135/><U61/><E95/><V101/><F114/><W78/><G78/><T64/><D64/><N who="3" m="24649" /><G110/><T35/><D35/><U2/><E93/><V55/><F66/><W60/><G60/><T40/><AGARI ba="0,0" hai="40,45,48,62,63,120,122,123" m="44105,37963" machi="40" ten="40,2700,0" yaku="13,1,15,1" doraHai="7" who="0" fromWho="0" sc="233,27,340,-13,241,-7,186,-7" /><INIT seed="6,0,0,1,4,12" ten="260,327,234,179" oya="2" hai0="101,70,115,26,131,44,42,57,94,75,132,19,104" hai1="74,77,66,123,48,61,83,10,4,11,14,58,37" hai2="5,87,96,129,24,64,0,89,46,88,49,34,67" hai3="8,102,128,80,68,117,31,40,122,7,65,22,97"/><V52/><F129/><W100/><G117/><T110/><D70/><U23/><E123/><V59/><F0/><W98/><G122/><T111/><D75/><U25/><E11/><V9/><F34/><W41/><G128/><T125/><D57/><U103/><E103/><V124/><F124/><W84/><G68/><T32/><D131/><U86/><E48/><N who="2" m="31111" /><F24/><N who="3" m="16791" /><G65/><T133/><D104/><U107/><E37/><V53/><F5/><W63/><G63/><T30/><D115/><U82/><E107/><V17/><F96/><N who="3" m="36971" /><G8/><T108/><D125/><U91/><E74/><V60/><F60/><W90/><G7/><T56/><D108/><U13/><E10/><V43/><F43/><AGARI ba="0,0" hai="40,41,43,80,84,90,100,102" m="36971,16791" machi="43" ten="30,1000,0" yaku="8,1" doraHai="12" who="3" fromWho="2" sc="260,0,327,0,234,-10,179,10" /><INIT seed="7,0,0,5,4,8" ten="260,327,224,189" oya="3" hai0="129,0,37,13,132,32,10,92,127,7,6,84,52" hai1="62,12,36,108,111,122,110,89,70,5,76,124,91" hai2="47,66,105,63,45,11,38,72,44,75,30,23,55" hai3="3,100,95,104,35,117,16,33,83,134,103,82,94"/><W130/><G117/><T135/><D37/><U49/><E36/><V79/><F105/><W40/><G3/><T106/><D106/><U102/><E102/><N who="3" m="38954" /><G104/><T119/><D32/><N who="3" m="12361" /><G40/><T59/><D119/><U46/><E76/><V99/><F38/><W80/><G134/><N who="0" m="51243" /><D6/><U101/><E5/><V71/><F79/><W69/><G69/><T90/><D0/><U109/><E70/><V39/><F39/><W56/><G130/><T85/><D129/><U113/><E109/><V128/><F128/><W34/><G56/><T28/><D28/><U48/><E110/><V43/><F43/><W115/><N who="3" m="12369" /><W114/><DORA hai="120" /><G16/><T27/><D27/><U123/><E108/><V42/><F42/><W86/><G86/><T29/><D29/><U31/><E31/><V121/><F47/><W116/><G116/><T17/><D84/><U67/><E46/><V61/><F121/><W112/><AGARI ba="0,0" hai="80,82,83,94,95,112,114,115" m="12369,38954" machi="112" ten="60,11700,0" yaku="28,2,15,1" doraHai="8,120" who="3" fromWho="3" sc="260,-39,327,-39,224,-39,189,117" owari="221,-18.0,288,9.0,185,-31.0,306,40.0" /></mjloggm>