<mjloggm ver="2.3"><GO type="169" lobby="0"/><UN n0="%63%68%6F%6E%6A%69" n1="%41%54%4D%31%34%32%39" n2="%E6%9C%A8%E5%8E%9F%E8%B1%AA%E4%B8%80" n3="%E3%83%9E%E3%83%AA%E3%83%99%E3%83%AB" dan="16,16,17,17" rate="2043.37,2141.52,2164.86,2128.95" sx="M,M,M,F"/><TAIKYOKU oya="0"/><INIT seed="0,0,0,1,5,110" ten="250,250,250,250" oya="0" hai0="76,64,99,116,71,93,134,107,106,113,105,103,9" hai1="115,74,8,59,26,40,21,2,129,14,120,15,82" hai2="130,102,100,70,36,45,125,46,73,23,60,72,92" hai3="89,19,79,80,7,42,91,132,53,29,33,20,98"/><T133/><D71/><U135/><E120/><V94/><F130/><W27/><G132/><N who="0" m="50795" /><D64/><U67/><E135/><V54/><F23/><W109/><G109/><T39/><D39/><U37/><E129/><V30/><F30/><W32/><G42/><T24/><D24/><U119/><E119/><V69/><F36/><W81/><G33/><T75/><D9/><U121/><E121/><V124/><F60/><W83/><G79/><T49/><D49/><U13/><E67/><V96/><F96/><W12/><G53/><AGARI ba="0,0" hai="45,46,53,54,69,70,72,73,92,94,100,102,124,125" machi="53" ten="25,1600,0" yaku="22,2" doraHai="110" who="2" fromWho="3" sc="250,0,250,0,250,16,250,-16" /><INIT seed="1,0,0,3,5,95" ten="250,250,266,234" oya="1" hai0="121,62,70,57,64,112,15,78,115,118,5,4,16" hai1="48,111,23,104,126,80,91,27,35,113,14,99,106" hai2="132,44,55,13,110,79,7,67,102,114,76,133,25" hai3="129,50,19,75,60,128,123,71,58,100,47,53,81"/><U10/><E113/><V36/><F67/><W39/><G123/><T68/><D118/><U120/><E120/><V24/><F110/><W87/><G75/><T37/><D121/><U54/><E35/><V6/><F114/><W52/><G39/><T117/><D117/><U73/><E126/><V98/><F36/><W96/><G71/><T107/><D37/><U103/><E111/><V30/><F44/><W131/><G19/><T134/><D134/><N who="2" m="51818" /><F55/><W43/><G53/><T66/><D115/><U84/><E73/><V31/><F25/><W49/><G49/><T38/><D38/><U101/><E23/><V89/><F89/><W21/><G21/><T86/><D107/><U18/><E27/><V124/><F31/><W17/><G17/><T77/><D112/><U119/><E119/><V90/><F90/><W72/><G72/><T83/><D78/><N who="2" m="29738" /><F13/><W69/><G69/><T85/><D85/><U93/><REACH who="1" step="1"/><E103/><REACH who="1" ten="250,240,266,234" step="2"/><V130/><F124/><W12/><G128/><T88/><D77/><U42/><E42/><V46/><F130/><W135/><G135/><T61/><REACH who="0" step="1"/><D57/><AGARI ba="0,1" hai="10,14,18,48,54,57,80,84,91,93,99,101,104,106" machi="57" ten="30,5800,0" yaku="1,1,7,1,52,1,53,0" doraHai="95" doraHaiUra="127" who="1" fromWho="0" sc="250,-58,240,68,266,0,234,0" /><INIT seed="1,1,0,2,2,15" ten="192,308,266,234" oya="1" hai0="90,80,128,69,102,92,28,85,68,34,134,67,45" hai1="48,33,100,42,94,97,63,2,71,129,81,56,125" hai2="6,30,93,84,61,59,111,64,40,57,108,26,126" hai3="4,120,95,74,3,29,104,99,21,98,20,109,5"/><U14/><E2/><V60/><F126/><W11/><G120/><T87/><D128/><U55/><E129/><V96/><F40/><W131/><G131/><T24/><D134/><U110/><E125/><V12/><F84/><W47/><G74/><T132/><D132/><U88/><E33/><V77/><F77/><W27/><G109/><T46/><D102/><U17/><E71/><V70/><F6/><W119/><G119/><T103/><D103/><U86/><E42/><V76/><F76/><W53/><G104/><T49/><D67/><U32/><E32/><V117/><F12/><W106/><G106/><T105/><D105/><U9/><E110/><N who="2" m="42027" /><F61/><AGARI ba="1,0" hai="9,14,17,48,55,56,61,63,81,86,88,94,97,100" machi="61" ten="40,7700,0" yaku="8,1,52,1,54,1" doraHai="15" who="1" fromWho="2" sc="192,0,308,80,266,-80,234,0" /><INIT seed="1,2,0,0,3,8" ten="192,388,186,234" oya="1" hai0="14,22,1,31,23,84,6,103,111,112,130,93,86" hai1="25,108,9,54,75,45,58,17,134,95,19,131,79" hai2="85,116,92,76,28,121,55,115,2,27,119,13,4" hai3="100,47,126,124,133,107,89,118,113,63,41,104,109"/><U0/><E131/><V88/><F121/><W83/><G63/><T65/><D130/><U24/><E134/><V49/><F2/><W18/><G113/><T102/><D111/><U26/><E45/><V21/><F115/><W132/><G18/><T3/><D112/><U117/><E117/><V52/><F76/><W74/><G47/><T43/><D43/><U72/><E72/><V51/><F119/><W70/><G70/><T62/><D31/><U71/><E71/><V35/><F116/><W46/><G46/><T36/><D36/><U129/><E129/><V20/><F35/><W127/><G41/><T106/><D106/><N who="3" m="40489" /><G118/><T12/><D93/><U68/><E68/><V56/><F21/><W78/><G100/><T98/><D62/><U16/><E0/><V128/><F128/><W73/><G73/><T123/><D123/><U66/><E66/><V29/><F4/><W50/><G50/><T99/><REACH who="0" step="1"/><D65/><REACH who="0" ten="182,388,186,234" step="2"/><U81/><E108/><V59/><F13/><W122/><G122/><T57/><D57/><U105/><E105/><V5/><F5/><AGARI ba="2,1" hai="1,3,5,6,12,14,22,23,84,86,98,99,102,103" machi="5" ten="25,8000,1" yaku="1,1,22,2,52,2,53,0" doraHai="8" doraHaiUra="42" who="0" fromWho="2" sc="182,96,388,0,186,-86,234,0" /><INIT seed="2,0,0,0,4,134" ten="278,388,100,234" oya="2" hai0="34,130,51,131,105,114,63,73,71,80,67,109,40" hai1="64,77,15,59,111,19,75,23,58,5,108,12,124" hai2="13,74,76,14,60,25,133,48,106,79,28,29,68" hai3="3,89,30,1,81,22,54,98,123,128,94,100,36"/><V104/><F133/><W20/><G123/><T95/><D114/><U99/><E99/><V120/><F120/><W37/><G128/><N who="0" m="49195" /><D105/><U91/><E124/><V9/><F74/><W43/><G37/><T132/><D132/><U121/><E121/><V118/><F118/><W33/><G33/><T16/><D109/><N who="1" m="42059" /><E91/><V96/><F48/><W127/><G36/><T50/><D40/><U0/><E0/><V61/><F9/><W44/><G54/><T78/><D34/><U35/><E35/><V27/><REACH who="2" step="1"/><F96/><REACH who="2" ten="278,388,90,234" step="2"/><W55/><G98/><T70/><D70/><AGARI ba="0,1" hai="13,14,25,27,28,29,60,61,68,70,76,79,104,106" machi="70" ten="25,18000,2" yaku="1,1,2,1,22,2,53,2" doraHai="134" doraHaiUra="8" who="2" fromWho="0" sc="278,-180,388,0,90,190,234,0" /><INIT seed="2,1,0,3,0,126" ten="98,388,280,234" oya="2" hai0="70,109,93,113,36,96,86,8,4,94,61,13,11" hai1="124,18,111,116,134,51,75,88,7,135,78,0,58" hai2="30,43,29,105,48,100,46,123,32,127,132,59,65" hai3="56,62,108,39,71,91,129,2,28,49,73,55,16"/><V85/><F123/><W103/><G2/><T117/><D113/><U24/><E124/><V77/><F127/><W106/><G73/><T23/><D109/><U69/><E69/><V37/><F32/><W97/><G108/><T90/><D117/><U54/><E116/><V120/><F120/><W74/><G39/><T53/><D36/><U35/><E111/><V15/><F100/><W33/><G74/><T68/><D23/><U52/><E7/><V112/><F105/><W122/><G122/><T12/><D53/><U79/><E0/><V26/><F26/><N who="3" m="18583" /><G91/><T107/><D107/><U128/><E75/><V114/><F132/><W99/><G99/><T76/><D61/><U84/><E54/><V22/><F114/><W34/><G16/><T119/><D76/><U104/><E104/><V89/><F77/><W87/><G87/><T47/><D47/><U67/><E78/><V60/><F37/><W121/><G34/><T19/><REACH who="0" step="1"/><D119/><REACH who="0" ten="88,388,280,234" step="2"/><U42/><E79/><V82/><F112/><W81/><G121/><T27/><D27/><U3/><E24/><V72/><F72/><W40/><G106/><T57/><D57/><U133/><E35/><V6/><F22/><W110/><G110/><T17/><D17/><U20/><E18/><V45/><F46/><W118/><G56/><T98/><D98/><U21/><E20/><V50/><F48/><W63/><G49/><T95/><D95/><N who="1" m="54663" /><E21/><V115/><F115/><W10/><G118/><T5/><D5/><U25/><E25/><V38/><F38/><W92/><G63/><T31/><D31/><U102/><E135/><RYUUKYOKU ba="1,1" sc="88,15,388,-15,280,15,234,-15" hai0="4,8,11,12,13,19,68,70,86,90,93,94,96" hai2="6,15,29,30,43,45,50,59,60,65,82,85,89" /><INIT seed="2,2,1,5,4,37" ten="103,373,295,219" oya="2" hai0="73,62,48,79,65,78,61,45,16,129,94,132,84" hai1="26,77,31,131,32,128,49,104,3,4,125,70,11" hai2="13,38,106,134,113,124,28,127,88,112,67,63,96" hai3="118,105,80,115,75,69,30,130,92,117,10,43,12"/><V109/><F38/><W85/><G105/><T22/><D132/><U91/><E70/><V7/><F134/><W6/><G69/><T18/><D129/><N who="1" m="49739" /><E104/><V17/><F7/><W98/><G130/><T99/><D73/><U121/><E125/><N who="2" m="48203" /><F28/><W8/><G75/><T135/><D135/><U120/><E77/><N who="0" m="29193" /><D84/><U108/><E108/><V93/><F106/><W122/><G122/><N who="1" m="47210" /><E91/><V51/><F51/><AGARI ba="2,1" hai="3,4,11,26,31,32,49,51" m="47210,49739" machi="51" ten="30,2000,0" yaku="19,1,13,1" doraHai="37" who="1" fromWho="2" sc="103,0,373,36,295,-26,219,0" /><INIT seed="3,0,0,2,2,103" ten="103,409,269,219" oya="3" hai0="48,75,61,112,6,78,89,134,132,99,119,71,4" hai1="24,69,83,130,16,80,102,59,87,17,106,81,73" hai2="31,123,47,79,95,23,3,124,131,105,109,115,7" hai3="96,28,2,58,77,54,41,107,98,37,22,118,39"/><W38/><G118/><T35/><D119/><U21/><E69/><V33/><F115/><W12/><G2/><T74/><D35/><U50/><E73/><N who="0" m="27657" /><D48/><U110/><E130/><V116/><F79/><W63/><G77/><T51/><D51/><U93/><E110/><V46/><F131/><W44/><G96/><T1/><D78/><U101/><E106/><V76/><F76/><W9/><G22/><T104/><D89/><N who="1" m="53439" /><E17/><V113/><F23/><W114/><G114/><T117/><D117/><U55/><AGARI ba="0,0" hai="16,21,24,50,55,59,80,81,83,101,102" m="53439" machi="55" ten="30,2000,0" yaku="8,1,54,1" doraHai="103" who="1" fromWho="1" sc="103,-5,409,20,269,-5,219,-10" /><INIT seed="4,0,0,0,1,103" ten="98,429,264,209" oya="0" hai0="6,84,37,83,71,54,135,2,61,8,20,80,75" hai1="51,7,68,46,38,124,13,121,50,112,42,118,109" hai2="72,32,29,107,117,52,87,39,108,53,120,134,57" hai3="130,104,19,82,78,89,16,0,65,96,69,14,36"/><T3/><D135/><U24/><E109/><V60/><F108/><W49/><G36/><T64/><D54/><U23/><E118/><V58/><F72/><W81/><G0/><T98/><D98/><U47/><E68/><V79/><F120/><W92/><G130/><T85/><D2/><U115/><E124/><V35/><F39/><W48/><G104/><T10/><D10/><N who="1" m="4319" /><E47/><V1/><F1/><W34/><G34/><T45/><D20/><U91/><E91/><V102/><F134/><W94/><G69/><T22/><D22/><U74/><E74/><V99/><F29/><W133/><G65/><T90/><D90/><U127/><E127/><V128/><F128/><W15/><G133/><T59/><D71/><U73/><E73/><V63/><F117/><W17/><G92/><T116/><D116/><U27/><E27/><V97/><F97/><W56/><G82/><AGARI ba="0,0" hai="32,35,52,53,57,58,60,63,79,82,87,99,102,107" machi="82" ten="40,5200,0" yaku="9,1,52,1,54,1" doraHai="103" who="2" fromWho="3" sc="98,0,429,0,264,52,209,-52" /><INIT seed="5,0,0,0,0,97" ten="98,429,316,157" oya="1" hai0="134,6,111,2,36,68,43,63,34,60,30,14,93" hai1="28,108,35,65,88,22,12,38,79,120,132,49,46" hai2="47,109,39,21,71,94,98,84,110,92,13,102,50" hai3="123,41,131,8,76,115,66,100,135,127,82,24,95"/><U104/><E120/><V112/><F71/><W59/><G123/><T107/><D111/><U54/><E132/><V15/><F39/><W57/><G135/><T37/><D134/><U90/><E35/><V5/><F112/><W81/><G115/><T31/><D34/><U114/><E114/><V133/><F133/><W74/><G131/><T55/><D2/><U77/><E104/><V119/><F119/><W53/><G41/><T113/><D113/><U26/><E38/><V58/><F5/><W52/><G127/><T129/><D107/><U23/><E65/><V56/><F110/><W105/><G105/><T101/><D129/><U124/><E124/><V128/><F128/><W72/><G24/><T78/><D37/><U126/><E108/><V61/><F21/><W9/><G66/><T27/><D78/><N who="1" m="29707" /><E126/><V7/><F58/><W19/><G76/><T32/><D31/><U70/><E70/><V33/><F7/><W106/><G106/><T87/><D68/><U91/><E22/><V18/><F18/><W0/><G19/><T48/><D87/><U1/><E1/><V42/><F33/><W20/><G20/><T75/><D75/><U4/><E4/><V64/><F109/><W99/><G0/><T40/><D36/><U44/><E12/><V86/><REACH who="2" step="1"/><F94/><REACH who="2" ten="98,429,306,157" step="2"/><W51/><G74/><T103/><D93/><U62/><E44/><V73/><F73/><W16/><G72/><T122/><D122/><U125/><E125/><V11/><F11/><N who="3" m="4171" /><G16/><T85/><D6/><U118/><E118/><V10/><F10/><W69/><G69/><T121/><D121/><RYUUKYOKU ba="0,1" sc="98,-30,429,10,306,10,157,10" hai1="23,26,28,46,49,54,62,88,90,91" hai2="13,15,42,47,50,56,61,64,84,86,92,98,102" hai3="51,52,53,57,59,81,82,95,99,100" /><INIT seed="5,1,1,2,3,60" ten="68,439,316,167" oya="1" hai0="30,118,126,47,105,99,46,100,127,57,88,114,79" hai1="64,41,92,8,45,43,103,31,133,56,17,75,62" hai2="66,130,25,83,5,128,116,74,68,131,38,55,49" hai3="32,59,106,18,119,29,89,90,16,93,65,72,87"/><U44/><E75/><V120/><F5/><W27/><G119/><T84/><D30/><U108/><E133/><V112/><F116/><W69/><G72/><T3/><D118/><U52/><E31/><V22/><F120/><W132/><G132/><T48/><D3/><U6/><E17/><V4/><F4/><W58/><G58/><T102/><D102/><U0/><E108/><V2/><F2/><W51/><G106/><T98/><D98/><U78/><E78/><V70/><F38/><W124/><G124/><N who="0" m="47659" /><D79/><U129/><E129/><V7/><F7/><W34/><G34/><T53/><D114/><U13/><E0/><V85/><F74/><W33/><G33/><T95/><AGARI ba="1,1" hai="46,47,48,53,57,84,88,95,99,100,105" m="47659" machi="95" ten="30,2000,0" yaku="18,1,54,1" doraHai="60" who="0" fromWho="0" sc="68,33,439,-11,316,-6,167,-6" /><INIT seed="6,0,0,2,4,68" ten="101,428,310,161" oya="2" hai0="112,94,73,110,128,46,7,71,59,89,28,62,76" hai1="86,51,87,126,115,80,55,32,9,102,30,40,17" hai2="130,0,101,58,70,82,118,53,23,88,124,16,111" hai3="1,123,13,95,39,67,117,24,135,84,43,21,108"/><V121/><F130/><W75/><G117/><T100/><D110/><U41/><E115/><V57/><F121/><W45/><G75/><T105/><D128/><U54/><E102/><V134/><F70/><W61/><G1/><T90/><D112/><U64/><E64/><V14/><F118/><W96/><G108/><T78/><D71/><U120/><E126/><V63/><F0/><W2/><G2/><T15/><D105/><U50/><E32/><V5/><F134/><W27/><G135/><T65/><D73/><U35/><E35/><V48/><F124/><W83/><G13/><T119/><D119/><U60/><E30/><V113/><F113/><W99/><G123/><T97/><D46/><U127/><E127/><V131/><F131/><W103/><G96/><T12/><D78/><U132/><E132/><V3/><F111/><W49/><G49/><T85/><D15/><N who="1" m="7407" /><E60/><V10/><F101/><W4/><G4/><T106/><D106/><U52/><E86/><N who="2" m="50263" /><F3/><W26/><G61/><T125/><D125/><U104/><E104/><V77/><F77/><W93/><G93/><T42/><D42/><N who="1" m="16491" /><E120/><V18/><F23/><W66/><REACH who="3" step="1"/><G21/><REACH who="3" ten="101,428,310,151" step="2"/><T47/><D12/><U11/><E11/><V20/><F20/><W8/><G8/><T37/><D7/><U34/><E34/><V129/><F129/><W36/><G36/><T92/><D92/><U109/><E109/><V79/><F63/><W81/><G81/><N who="0" m="47271" /><D28/><U19/><E19/><V74/><F18/><W122/><G122/><T114/><D114/><U33/><E33/><V72/><F16/><W38/><G38/><RYUUKYOKU ba="0,1" sc="101,10,428,10,310,-30,151,10" hai0="37,47,59,62,65,89,90,94,97,100" hai1="50,51,52,54,55,80,87" hai3="24,26,27,39,43,45,66,67,83,84,95,99,103" /><INIT seed="7,1,1,5,4,70" ten="111,438,280,161" oya="3" hai0="91,98,104,109,0,93,108,134,131,49,19,33,56" hai1="11,13,10,8,52,58,3,85,86,75,9,20,54" hai2="69,79,51,45,5,63,116,94,47,16,133,27,127" hai3="99,68,64,121,78,122,2,24,18,126,60,62,90"/><W105/><G126/><T46/><D134/><U23/><E75/><V76/><F116/><W40/><G2/><T36/><D131/><U100/><E100/><V119/><F119/><W57/><G78/><T6/><D104/><U111/><E111/><V7/><F133/><W95/><G105/><T29/><D19/><N who="1" m="8639" /><E54/><V103/><F47/><W77/><G77/><T130/><D130/><U44/><E44/><V73/><F73/><W30/><G40/><T42/><D56/><U32/><E32/><V41/><F69/><W65/><REACH who="3" step="1"/><G18/><REACH who="3" ten="111,438,280,151" step="2"/><T82/><D49/><N who="1" m="30991" /><E3/><V114/><F79/><W59/><G59/><T106/><D106/><U123/><E123/><V38/><F127/><W48/><G48/><T15/><D0/><U26/><E23/><AGARI ba="1,2" hai="23,24,30,57,60,62,64,65,68,90,95,99,121,122" machi="23" ten="30,2900,0" yaku="1,1,7,1,53,0" doraHai="70" doraHaiUra="96" who="3" fromWho="1" sc="111,0,438,-32,280,0,151,52" /><INIT seed="7,2,0,1,5,0" ten="111,406,280,203" oya="3" hai0="114,123,68,92,118,41,66,129,13,2,106,45,50" hai1="94,81,108,70,17,33,84,6,134,80,47,57,87" hai2="65,48,88,100,124,49,46,26,102,69,91,7,119" hai3="95,34,78,27,25,12,125,35,101,126,16,133,89"/><W38/><G38/><T122/><D118/><U121/><E70/><V11/><F119/><W19/><G101/><T85/><D106/><U90/><E134/><V104/><F104/><W9/><G78/><T132/><D2/><U3/><E33/><N who="3" m="12298" /><G95/><T77/><D132/><U32/><E32/><V31/><F69/><W86/><G86/><T51/><D51/><U24/><E47/><V53/><F65/><W37/><G89/><T116/><D116/><U52/><E80/><V113/><F102/><W15/><G37/><T64/><D92/><U71/><E71/><V135/><F100/><W128/><G128/><T73/><D73/><U99/><E84/><V98/><F98/><W130/><G130/><T115/><D129/><U18/><E81/><V72/><F72/><W131/><G131/><T74/><D74/><U29/><E87/><V56/><F135/><W40/><G40/><T20/><D20/><U1/><E90/><V79/><F79/><W44/><G44/><T111/><D77/><U43/><E43/><V103/><F103/><W75/><G75/><T67/><D85/><U109/><E94/><V21/><F46/><W59/><G59/><T107/><D107/><U39/><E39/><V127/><F49/><W61/><G61/><T96/><D96/><U23/><E99/><V62/><F62/><W14/><G133/><T76/><D76/><U8/><E57/><V30/><F56/><W63/><G63/><N who="0" m="39967" /><D13/><N who="1" m="5271" /><E52/><V42/><F53/><W120/><G14/><T93/><D93/><U60/><E60/><V58/><F48/><W112/><G15/><T117/><D117/><RYUUKYOKU ba="2,0" sc="111,0,406,0,280,0,203,0" owari="111,-39.0,406,51.0,280,8.0,203,-20.0" /></mjloggm>