<mjloggm ver="2.3"><GO type="233" lobby="0"/><UN n0="%E5%A4%A7%E5%AE%AE%E5%BF%8D%76" n1="%E3%81%84%E3%81%9F%E3%83%92%E3%83%AD" n2="%E3%83%A2%E3%83%AD%E3%83%98%E3%82%A4%E3%83%A4" n3="%E3%82%AB%E3%83%9D%E3%83%8D%E5%9B%A3%E3%81%AE%E5%85%84%E8%B2%B4" dan="17,17,16,19" rate="2122.61,2195.75,2053.36,2285.05" sx="M,M,M,M"/><TAIKYOKU oya="0"/><INIT seed="0,0,0,3,3,119" ten="250,250,250,250" oya="0" hai0="77,64,81,74,80,18,6,25,70,135,27,40,55" hai1="91,38,73,75,21,60,92,46,62,22,99,45,86" hai2="106,19,111,108,5,31,0,79,94,24,85,17,42" hai3="101,47,51,13,114,14,128,112,96,28,98,123,29"/><T131/><D40/><U8/><E75/><V67/><F106/><W133/><G128/><T23/><D131/><U32/><E32/><V68/><F42/><W87/><G87/><T116/><D116/><U58/><E73/><V121/><F67/><W20/><G51/><T129/><D129/><U33/><E33/><V72/><F68/><W39/><G20/><T7/><D135/><U36/><E36/><V102/><F72/><W71/><G47/><T30/><D80/><U126/><E8/><V52/><F5/><W124/><G101/><T90/><D90/><U103/><E62/><V100/><F0/><W89/><G89/><T56/><D64/><U3/><E3/><V9/><F79/><W115/><G115/><T76/><D70/><U49/><E38/><V118/><F85/><W83/><G83/><T43/><D43/><N who="1" m="24767" /><E46/><V66/><F66/><W2/><G2/><T53/><D76/><U134/><E134/><V104/><F52/><W61/><G133/><T110/><D55/><N who="1" m="33887" /><E126/><V54/><F54/><W69/><G61/><T127/><D127/><U125/><E125/><V15/><F104/><W26/><G124/><T130/><D130/><U10/><E10/><V37/><F9/><W63/><G63/><T50/><REACH who="0" step="1"/><D110/><REACH who="0" ten="240,250,250,250" step="2"/><U113/><E113/><V4/><F111/><W95/><G112/><T65/><D65/><U93/><AGARI ba="0,1" hai="21,22,86,91,92,93,99,103" m="33887,24767" machi="93" ten="30,1100,0" yaku="8,1" doraHai="119" who="1" fromWho="1" sc="240,-5,250,21,250,-3,250,-3" /><INIT seed="1,0,0,1,5,38" ten="235,271,247,247" oya="1" hai0="33,119,89,126,29,7,26,61,96,72,121,100,54" hai1="134,15,86,11,59,30,46,21,18,56,13,17,117" hai2="65,98,128,50,1,125,95,31,101,92,12,124,2" hai3="6,102,91,132,88,37,99,34,129,94,116,135,120"/><U57/><E117/><V118/><F118/><W80/><G34/><T97/><D119/><U90/><E134/><N who="3" m="51242" /><G37/><T58/><D72/><U104/><E104/><V36/><F36/><W55/><G116/><T24/><D126/><U14/><E30/><V93/><F31/><W45/><G6/><T67/><D121/><U35/><E35/><V79/><F65/><W52/><G120/><T20/><D7/><U84/><E46/><V66/><F66/><W76/><G129/><T131/><D131/><U53/><E14/><V0/><F128/><W49/><G55/><T63/><D89/><U10/><E21/><V105/><F79/><W19/><G19/><T62/><D54/><U106/><E106/><V109/><F109/><W60/><G60/><T77/><D77/><U41/><E41/><V39/><F39/><W8/><G8/><T115/><D115/><U130/><E130/><V74/><F74/><AGARI ba="0,0" hai="45,49,52,74,76,80,88,91,94,99,102" m="51242" machi="74" ten="30,3900,0" yaku="20,1,54,2" doraHai="38" who="3" fromWho="2" sc="235,0,271,0,247,-39,247,39" /><INIT seed="2,0,0,2,2,92" ten="235,271,208,286" oya="2" hai0="17,54,99,74,53,95,66,63,56,129,18,46,44" hai1="29,11,114,109,73,81,40,72,103,106,13,118,14" hai2="93,42,30,84,79,27,37,91,108,31,122,55,12" hai3="25,52,22,70,135,41,110,4,116,58,76,60,28"/><V39/><F122/><W36/><G116/><T121/><D121/><U24/><E118/><V102/><F31/><W20/><G110/><T89/><D74/><U86/><E114/><V50/><F42/><W26/><G135/><T77/><D77/><U90/><E109/><V87/><F108/><W98/><G76/><T130/><D54/><U15/><E40/><V3/><F3/><W126/><G126/><T105/><D105/><U16/><E14/><V43/><F43/><W97/><G4/><T61/><D46/><U59/><E15/><V96/><F12/><W69/><G41/><T2/><D2/><U112/><E112/><V120/><F79/><W35/><G36/><T107/><D107/><U134/><E134/><V48/><F87/><W125/><G125/><T119/><D119/><U94/><E106/><V45/><F50/><W68/><G35/><T0/><D0/><U113/><E59/><V19/><F19/><W67/><G67/><T10/><D44/><U23/><E113/><V88/><F91/><W75/><G75/><T7/><D7/><U8/><E8/><V78/><F78/><W111/><G111/><T132/><D10/><U128/><E128/><N who="0" m="49257" /><D132/><U32/><E11/><V104/><REACH who="2" step="1"/><F120/><REACH who="2" ten="235,271,198,286" step="2"/><W38/><G38/><T127/><D127/><U51/><E51/><V62/><F62/><W21/><G21/><AGARI ba="0,1" hai="21,27,30,37,39,45,48,55,84,88,93,96,102,104" machi="21" ten="30,11600,0" yaku="1,1,7,1,52,1,54,1,53,0" doraHai="92" doraHaiUra="6" who="2" fromWho="3" sc="235,0,271,0,198,126,286,-116" /><INIT seed="2,1,0,1,4,8" ten="235,271,324,170" oya="2" hai0="117,18,128,109,80,47,6,81,22,126,124,24,90" hai1="28,62,86,104,114,119,59,72,97,0,25,13,5" hai2="52,85,1,42,9,37,19,53,134,89,33,106,76" hai3="83,113,31,102,96,17,100,30,58,82,49,54,71"/><V67/><F33/><W115/><G71/><T50/><D109/><U66/><E72/><V39/><F106/><W129/><G129/><T91/><D128/><U107/><E119/><V14/><F1/><W36/><G36/><T105/><D105/><U48/><E114/><N who="3" m="43530" /><G17/><T26/><D117/><U56/><E0/><V116/><F116/><W35/><G100/><T78/><D6/><U77/><E97/><V29/><F29/><N who="3" m="10763" /><G35/><T84/><D26/><U93/><E107/><AGARI ba="1,0" hai="49,54,58,82,83,96,102,107" m="10763,43530" machi="107" ten="30,1000,0" yaku="11,1" doraHai="8" who="3" fromWho="1" sc="235,0,271,-13,324,0,170,13" /><INIT seed="3,0,0,5,0,75" ten="235,258,324,183" oya="3" hai0="23,20,102,64,91,30,73,45,38,72,129,98,35" hai1="120,26,104,130,24,99,92,10,4,31,126,62,47" hai2="94,8,116,13,103,42,95,80,40,117,2,119,96" hai3="132,25,7,107,14,5,19,74,77,82,18,86,32"/><W87/><G107/><T56/><D35/><U53/><E120/><V106/><F2/><W68/><G68/><T41/><D91/><U93/><E104/><V85/><F42/><W101/><G101/><T112/><D23/><U79/><E130/><V44/><F13/><W97/><G97/><T135/><D129/><U133/><E133/><V6/><F8/><W84/><G132/><T36/><D36/><U71/><E126/><V131/><F6/><W49/><G49/><T15/><D135/><U70/><E79/><V83/><F131/><W51/><G51/><T115/><D56/><U57/><E47/><V65/><F65/><W21/><REACH who="3" step="1"/><G32/><REACH who="3" ten="235,258,324,173" step="2"/><T22/><D98/><U88/><E71/><V78/><REACH who="2" step="1"/><F80/><REACH who="2" ten="235,258,314,173" step="2"/><W105/><G105/><T111/><D41/><U66/><E70/><V76/><F76/><W52/><G52/><T109/><D64/><U127/><E53/><V43/><F43/><W125/><G125/><T128/><D128/><U67/><E127/><V34/><F34/><W114/><G114/><T113/><D112/><U11/><E67/><V59/><F59/><W37/><G37/><AGARI ba="0,2" hai="37,40,44,78,83,85,94,95,96,103,106,116,117,119" machi="37" ten="40,5200,0" yaku="1,1,52,1,53,1" doraHai="75" doraHaiUra="81" who="2" fromWho="3" sc="235,0,258,0,314,72,173,-52" /><INIT seed="4,0,0,1,0,61" ten="235,258,386,121" oya="0" hai0="120,135,104,125,39,89,73,51,4,99,50,24,85" hai1="76,17,15,56,128,94,49,6,95,72,53,86,107" hai2="43,118,75,30,40,26,14,98,134,28,16,114,47" hai3="27,69,132,96,102,5,80,25,8,129,122,92,130"/><T110/><D120/><U2/><E107/><V90/><F75/><W62/><G132/><T65/><D135/><U79/><E72/><V11/><F134/><W21/><G122/><T133/><D133/><U113/><E128/><V63/><F114/><W82/><G27/><T123/><D123/><U48/><E113/><V115/><F115/><W81/><G5/><T112/><D112/><U108/><E108/><V111/><F111/><W87/><G8/><T101/><D110/><U116/><E116/><V7/><F118/><W42/><G42/><T58/><D39/><U32/><E32/><V18/><F40/><W60/><G87/><T10/><D73/><U37/><E37/><V106/><F63/><W19/><REACH who="3" step="1"/><G60/><REACH who="3" ten="235,258,386,111" step="2"/><N who="0" m="38039" /><D24/><U131/><E86/><V66/><F26/><W23/><G23/><T88/><D85/><U38/><E6/><V22/><F11/><W97/><G97/><T127/><D10/><U103/><E131/><V44/><F98/><W59/><G59/><T109/><D4/><U68/><E56/><V33/><F43/><W45/><G45/><T100/><D109/><U55/><E2/><V77/><F47/><W67/><AGARI ba="0,1" hai="19,21,25,62,67,69,80,81,82,92,96,102,129,130" machi="67" ten="30,4000,0" yaku="1,1,0,1,52,1,53,0" doraHai="61" doraHaiUra="31" who="3" fromWho="3" sc="235,-20,258,-10,386,-10,111,50" /><INIT seed="5,0,0,0,1,65" ten="215,248,376,161" oya="1" hai0="103,99,74,30,126,93,35,87,3,108,26,55,117" hai1="69,36,34,13,42,77,22,52,62,43,11,44,37" hai2="118,61,70,78,47,39,57,14,38,59,10,29,23" hai3="4,94,112,122,134,127,102,135,2,128,86,66,46"/><U15/><E34/><V101/><F118/><W75/><G4/><T92/><D117/><U76/><E22/><V50/><F78/><W119/><G46/><T25/><D108/><U48/><E42/><V51/><F101/><W84/><G66/><T17/><D74/><U16/><E36/><N who="2" m="13867" /><F23/><W8/><G8/><T54/><D3/><U58/><E15/><V7/><F29/><W133/><G2/><T91/><D126/><U115/><E115/><V123/><F14/><W97/><G119/><T88/><D103/><U90/><E90/><V68/><F10/><W6/><G6/><T107/><D107/><U120/><E120/><V33/><F33/><W72/><G122/><T132/><D132/><U121/><E121/><V1/><F7/><W64/><G64/><AGARI ba="0,0" hai="11,13,16,37,43,44,48,52,58,62,64,69,76,77" machi="64" ten="40,12000,1" yaku="24,2,52,1,54,2" doraHai="65" who="1" fromWho="3" sc="215,0,248,120,376,0,161,-120" /><INIT seed="5,1,0,3,5,11" ten="215,368,376,41" oya="1" hai0="83,14,55,4,92,72,28,135,69,73,89,61,51" hai1="25,33,68,128,40,6,80,118,99,117,30,7,48" hai2="18,131,36,65,3,96,52,8,17,74,79,133,13" hai3="95,5,111,115,0,15,41,53,45,66,49,26,88"/><U63/><E128/><V85/><F36/><W116/><G111/><T19/><D28/><U132/><E132/><V2/><F74/><W47/><G115/><T38/><D38/><U75/><E6/><V123/><F65/><W62/><G116/><T104/><D104/><U20/><E99/><V127/><F123/><W124/><G124/><T87/><D4/><U70/><E70/><V35/><F35/><W31/><G0/><T98/><D135/><U129/><E129/><V16/><F133/><W64/><G45/><T21/><D61/><U86/><E75/><V9/><F131/><W27/><G41/><T101/><D69/><U81/><E80/><V57/><F127/><W23/><G26/><T56/><AGARI ba="1,0" hai="14,19,21,51,55,56,72,73,83,87,89,92,98,101" machi="56" ten="20,2700,0" yaku="0,1,7,1,52,1" doraHai="11" who="0" fromWho="0" sc="215,30,368,-14,376,-8,41,-8" /><INIT seed="6,0,0,0,4,130" ten="245,354,368,33" oya="2" hai0="37,101,110,24,23,11,66,43,129,107,67,34,58" hai1="64,89,83,41,99,95,26,92,87,78,18,127,31" hai2="112,128,122,97,125,30,20,47,72,8,52,120,19" hai3="113,86,5,100,17,4,50,28,96,39,42,121,12"/><V93/><F72/><W88/><G121/><T133/><D110/><U119/><E119/><V25/><F128/><W49/><G39/><T131/><D34/><U81/><E127/><V90/><F125/><W44/><G28/><T6/><D101/><U33/><E41/><V22/><F8/><W82/><G113/><T40/><D107/><U111/><E111/><V51/><REACH who="2" step="1"/><F112/><REACH who="2" ten="245,354,358,33" step="2"/><W91/><G91/><T75/><D75/><U16/><E64/><V56/><F56/><W59/><G59/><T134/><D58/><U70/><E70/><V109/><F109/><W65/><G65/><T123/><D123/><U104/><E104/><V71/><F71/><W124/><G124/><T53/><D11/><U115/><E115/><V29/><F29/><W108/><G108/><T69/><D69/><U7/><E7/><V117/><F117/><W48/><G5/><T35/><D6/><U85/><REACH who="1" step="1"/><E95/><REACH who="1" ten="245,344,358,33" step="2"/><V102/><F102/><AGARI ba="0,2" hai="16,18,26,31,33,78,81,83,85,87,89,92,99,102" machi="102" ten="30,7700,0" yaku="1,1,2,1,7,1,54,1,53,0" doraHai="130" doraHaiUra="62" who="1" fromWho="2" sc="245,0,344,97,358,-77,33,0" /><INIT seed="7,0,0,3,2,80" ten="245,441,281,33" oya="3" hai0="54,50,93,39,82,35,121,79,42,119,127,97,36" hai1="120,4,77,112,41,104,59,28,11,67,55,16,116" hai2="29,135,84,109,103,101,20,37,117,38,128,72,10" hai3="90,14,105,108,124,19,68,126,76,18,86,3,78"/><W62/><G3/><T102/><D119/><U95/><E104/><V81/><F72/><W69/><G105/><T132/><D121/><U89/><E112/><V21/><F117/><W57/><G108/><T70/><D70/><U91/><E120/><V27/><F109/><W114/><G114/><T30/><D42/><U107/><E107/><V49/><F135/><W7/><G7/><T2/><D2/><U60/><E116/><V134/><F134/><W66/><G76/><T111/><D111/><U94/><E41/><V87/><F87/><W130/><G78/><T56/><D132/><U48/><E28/><V23/><F128/><W34/><G34/><T73/><D127/><N who="3" m="48681" /><G130/><T45/><D30/><U6/><E77/><V122/><F122/><W8/><G19/><T98/><D35/><U85/><E16/><V133/><F133/><W65/><G65/><T52/><REACH who="0" step="1"/><D98/><REACH who="0" ten="235,441,281,33" step="2"/><U83/><E11/><V47/><F10/><W31/><G31/><T17/><D17/><U96/><E4/><V25/><F29/><W99/><G99/><T100/><D100/><N who="2" m="38474" /><F37/><W71/><G69/><T1/><D1/><U9/><E9/><V63/><F38/><W40/><G40/><T15/><D15/><U125/><E6/><V26/><F26/><W5/><G5/><T88/><D88/><U13/><E13/><V129/><F129/><W115/><G115/><T74/><D74/><U24/><E24/><V46/><F27/><W64/><G64/><T92/><D92/><AGARI ba="0,1" hai="8,14,18,57,62,66,68,71,86,90,92" m="48681" machi="92" ten="30,2900,0" yaku="18,1,52,1" doraHai="80" who="3" fromWho="0" sc="235,-29,441,0,281,0,33,39" /><INIT seed="7,1,0,2,2,36" ten="206,441,281,72" oya="3" hai0="81,47,114,115,32,126,58,67,51,68,123,3,97" hai1="92,31,121,118,8,87,93,33,18,109,60,101,124" hai2="14,79,112,0,88,21,38,4,116,72,96,63,7" hai3="80,48,28,133,83,15,71,135,110,41,76,94,122"/><W25/><G122/><T34/><D123/><U69/><E121/><V9/><F38/><W37/><G71/><T40/><D3/><U111/><E124/><V11/><F116/><W61/><G110/><T1/><D1/><U91/><E118/><V134/><F112/><N who="0" m="43050" /><D126/><U54/><E33/><N who="0" m="12905" /><D97/><U39/><E39/><V5/><F5/><W130/><G130/><T30/><D30/><U70/><E31/><V16/><F134/><N who="3" m="51211" /><G37/><T44/><D81/><U19/><E70/><V20/><F72/><W52/><G94/><T82/><D82/><N who="3" m="31273" /><G76/><T120/><D120/><U117/><E117/><V56/><F79/><W17/><G28/><T104/><D104/><U42/><E111/><V53/><F7/><W131/><G131/><T98/><D98/><U65/><E92/><V78/><F78/><W10/><G25/><T74/><D74/><U59/><E93/><V75/><F75/><W26/><G26/><T77/><D77/><U102/><E87/><V86/><F96/><W127/><G127/><T55/><D68/><U95/><E69/><V27/><F27/><W22/><G22/><T129/><D129/><U2/><E95/><AGARI ba="1,0" hai="0,4,9,11,14,16,20,21,53,56,63,86,88,95" machi="95" ten="30,3900,0" yaku="7,1,54,2" doraHai="36" who="2" fromWho="1" sc="206,0,441,-42,281,42,72,0" owari="206,-19.0,399,50.0,323,12.0,72,-43.0" /></mjloggm>