<mjloggm ver="2.3"><GO type="169" lobby="0"/><UN n0="%E7%B4%A0%E9%A4%8A%E3%81%AE%E5%A1%8A" n1="%58%E7%8C%AB" n2="%E7%9C%9F%E3%81%8B%E3%81%AB%E3%83%9E%E3%82%B8%E3%83%B3" n3="%E4%B8%8A%E6%9D%B1%E3%82%AD%E3%83%B3%E3%82%B0" dan="16,16,17,16" rate="2037.20,2124.34,2217.28,2061.33" sx="M,M,M,M"/><TAIKYOKU oya="0"/><INIT seed="0,0,0,0,1,106" ten="250,250,250,250" oya="0" hai0="92,103,62,69,54,50,97,49,61,24,27,30,28" hai1="41,9,93,65,78,55,16,25,107,85,125,96,67" hai2="102,79,95,19,68,75,34,119,89,72,37,7,90" hai3="14,45,104,23,81,108,113,43,84,131,118,86,52"/><T122/><D69/><U39/><E107/><V128/><F34/><W47/><G113/><T71/><D122/><U8/><E125/><V40/><F19/><N who="3" m="10743" /><G104/><T109/><D109/><U1/><E1/><V15/><F15/><W133/><G118/><T64/><D62/><U4/><E41/><V46/><F68/><W35/><G35/><T101/><D101/><U32/><E39/><V21/><F21/><W134/><G108/><T112/><D112/><U132/><E55/><V77/><F7/><W36/><G131/><T124/><D124/><U66/><E32/><V91/><F128/><W110/><G81/><T126/><D126/><U58/><E4/><V6/><F6/><W53/><G110/><T12/><D12/><U73/><E85/><N who="3" m="32874" /><G47/><T100/><D100/><U114/><E114/><V42/><F119/><W94/><G94/><T38/><D38/><U105/><E58/><V130/><F130/><W63/><G63/><T80/><D80/><U44/><E44/><V99/><F46/><W74/><G74/><T120/><D120/><U10/><E105/><V11/><F37/><W57/><G57/><T60/><D60/><U48/><E48/><V18/><F18/><W17/><G17/><T121/><D121/><U59/><E59/><V115/><F115/><W129/><G129/><T51/><REACH who="0" step="1"/><D54/><REACH who="0" ten="240,250,250,250" step="2"/><U88/><E67/><V2/><F102/><W76/><G76/><T127/><D127/><U98/><E66/><V83/><F79/><W26/><G26/><AGARI ba="0,1" hai="24,26,27,28,30,49,50,51,61,64,71,92,97,103" machi="26" ten="40,2000,0" yaku="1,1,53,0" doraHai="106" doraHaiUra="123" who="0" fromWho="3" sc="240,30,250,0,250,0,250,-20" /><INIT seed="0,1,0,4,2,63" ten="270,250,250,230" oya="0" hai0="105,98,39,76,117,25,40,81,21,10,51,119,90" hai1="97,96,65,87,32,17,18,68,9,135,124,72,99" hai2="95,15,82,37,115,111,11,45,129,67,74,85,106" hai3="122,48,94,71,69,70,49,4,66,130,47,128,29"/><T23/><D39/><U125/><E72/><V2/><F106/><W121/><G4/><T114/><D114/><U6/><E32/><V79/><F115/><W19/><G29/><T54/><D40/><U86/><E135/><V55/><F111/><W22/><G94/><T126/><D126/><N who="1" m="48747" /><E6/><V83/><F129/><N who="3" m="49771" /><G22/><T103/><D90/><U109/><E109/><V27/><F95/><W104/><G19/><N who="1" m="7178" /><E9/><V101/><F11/><W36/><G104/><T33/><D10/><U13/><E13/><V113/><F15/><W112/><G112/><T118/><D33/><U7/><E7/><V31/><F2/><W123/><G66/><T35/><D35/><U91/><E91/><V108/><F67/><W53/><G36/><T92/><D105/><U24/><E24/><V60/><F37/><W20/><G20/><T59/><REACH who="0" step="1"/><D25/><REACH who="0" ten="260,250,250,230" step="2"/><U1/><E1/><V28/><F27/><W44/><G70/><T102/><D102/><U107/><E107/><V16/><F101/><W127/><G127/><T61/><D61/><AGARI ba="1,1" hai="61,65,68,86,87,96,97,99" m="7178,48747" machi="61" ten="40,2600,0" yaku="18,1,52,1" doraHai="63" who="1" fromWho="0" sc="260,-29,250,39,250,0,230,0" /><INIT seed="1,0,0,1,0,118" ten="231,289,250,230" oya="1" hai0="39,15,132,19,88,122,53,61,49,25,97,68,57" hai1="74,3,120,82,54,133,106,124,33,87,8,70,5" hai2="111,76,1,62,126,98,94,64,59,42,37,110,117" hai3="31,34,50,123,114,24,55,18,16,51,12,52,96"/><U38/><RYUUKYOKU type="yao9" ba="0,0" sc="231,0,289,0,250,0,230,0" hai1="3,5,8,33,38,54,70,74,82,87,106,120,124,133" /><INIT seed="1,1,0,0,0,48" ten="231,289,250,230" oya="1" hai0="117,82,22,90,59,40,111,96,122,2,129,35,110" hai1="106,74,29,27,41,100,38,30,37,39,13,128,10" hai2="87,66,18,99,119,69,98,88,72,4,115,92,63" hai3="43,70,52,54,21,56,77,17,23,125,133,46,16"/><U42/><E128/><V60/><F119/><W114/><G114/><T112/><D40/><U53/><E74/><V118/><F118/><W102/><G125/><T26/><D59/><U123/><E123/><V132/><F72/><W89/><G133/><T95/><D117/><U44/><E106/><V71/><F132/><W86/><G70/><T94/><D122/><U12/><E100/><V130/><F130/><W0/><G0/><T91/><D112/><U79/><E79/><V81/><F115/><W36/><G102/><T47/><D35/><U61/><E12/><V1/><F99/><W50/><G77/><T15/><D2/><U104/><E104/><V68/><F60/><W84/><G54/><T105/><D15/><U131/><E131/><V134/><F134/><W45/><G45/><T24/><D129/><U113/><E113/><V109/><F109/><W64/><G64/><T120/><D105/><U85/><E85/><V97/><F97/><W116/><G116/><T62/><D120/><U127/><E127/><V73/><F73/><W83/><REACH who="3" step="1"/><G84/><REACH who="3" ten="231,289,250,220" step="2"/><T34/><D47/><U51/><E61/><V7/><F1/><W78/><G78/><T103/><D62/><U5/><REACH who="1" step="1"/><E29/><REACH who="1" ten="231,279,250,220" step="2"/><V31/><F31/><W57/><G57/><T135/><D111/><U6/><E6/><V14/><F4/><W126/><G126/><T11/><D110/><U8/><E8/><N who="2" m="6471" /><F7/><W124/><G124/><T101/><D135/><U25/><E25/><V19/><F19/><AGARI ba="1,2" hai="16,17,19,21,23,36,43,46,50,52,56,83,86,89" machi="19" ten="40,8000,1" yaku="1,1,52,1,54,2,53,0" doraHai="48" doraHaiUra="108" who="3" fromWho="2" sc="231,0,279,0,250,-83,220,103" /><INIT seed="2,0,0,4,2,15" ten="231,279,167,323" oya="2" hai0="46,62,36,82,103,133,104,58,0,47,26,56,5" hai1="66,22,130,124,115,116,126,117,51,68,25,107,40" hai2="43,86,77,12,11,3,95,101,35,80,121,131,7" hai3="54,92,37,10,74,65,111,71,27,8,134,99,75"/><V89/><F131/><W118/><G118/><T32/><D133/><U19/><E107/><V98/><F35/><W41/><G134/><T81/><D0/><U17/><E115/><V125/><F125/><N who="1" m="48233" /><E130/><V97/><F121/><W67/><G111/><T84/><D5/><U76/><E76/><V13/><REACH who="2" step="1"/><F43/><REACH who="2" ten="231,279,157,323" step="2"/><W123/><G41/><T61/><D32/><U94/><E116/><V85/><F85/><W106/><G123/><T60/><D84/><U28/><E117/><V135/><F135/><W55/><G75/><T6/><D36/><U29/><E29/><V100/><F100/><W38/><G74/><T64/><D103/><U52/><E40/><V18/><F18/><W73/><G73/><T113/><D6/><U31/><E31/><V30/><F30/><W23/><G38/><T49/><D113/><U96/><E68/><V102/><F102/><N who="3" m="60775" /><G37/><T44/><D104/><AGARI ba="0,1" hai="3,7,11,12,13,77,80,86,89,95,97,98,101,104" machi="104" ten="30,2900,0" yaku="1,1,7,1,53,0" doraHai="15" doraHaiUra="120" who="2" fromWho="0" sc="231,-29,279,0,157,39,323,0" /><INIT seed="2,1,0,5,2,67" ten="202,279,196,323" oya="2" hai0="82,123,48,77,41,27,2,59,52,108,129,130,100" hai1="37,46,42,125,101,95,31,26,18,66,106,115,124" hai2="135,5,99,23,35,81,19,75,110,107,30,45,13" hai3="54,56,28,83,21,8,63,72,62,73,39,47,78"/><V6/><F45/><W128/><G128/><N who="0" m="49259" /><D2/><U74/><E115/><V102/><F135/><W57/><G8/><T65/><D123/><U22/><E106/><V10/><F110/><W93/><G93/><T40/><D108/><U131/><E74/><V117/><F117/><W126/><G126/><T0/><D0/><U12/><E131/><V109/><F109/><W85/><G28/><T43/><D100/><U114/><E114/><V3/><F5/><W11/><G11/><T112/><D112/><U133/><E133/><V90/><F90/><W7/><G7/><T49/><D27/><U70/><E95/><V76/><F30/><W68/><G68/><T103/><D103/><U24/><E101/><V89/><F89/><W16/><G39/><T134/><D134/><U121/><E121/><V53/><F53/><W105/><G47/><N who="0" m="25727" /><D65/><U92/><E92/><V127/><REACH who="2" step="1"/><F35/><REACH who="2" ten="202,279,186,323" step="2"/><W80/><G54/><T61/><D77/><U69/><E66/><V14/><F14/><W87/><G78/><T17/><D17/><U58/><E26/><V64/><F64/><W1/><G16/><T113/><D113/><U34/><REACH who="1" step="1"/><E58/><REACH who="1" ten="202,269,186,323" step="2"/><V132/><F132/><W33/><G57/><N who="0" m="34983" /><D82/><U29/><E29/><V119/><F119/><W86/><G80/><T9/><D59/><U15/><E15/><V122/><F122/><W84/><G83/><T88/><D40/><U55/><E55/><V44/><F44/><W38/><G56/><T94/><D41/><U32/><E32/><V116/><F116/><W97/><G33/><T118/><D118/><U20/><E20/><V25/><F25/><RYUUKYOKU ba="1,2" sc="202,-15,269,15,186,15,323,-15" hai1="12,18,22,24,31,34,37,42,46,69,70,124,125" hai2="3,6,10,13,19,23,75,76,81,99,102,107,127" /><INIT seed="2,2,2,1,1,65" ten="187,284,201,308" oya="2" hai0="131,96,86,24,5,49,59,124,120,75,69,52,76" hai1="23,63,45,112,78,47,95,128,33,133,130,83,125" hai2="107,39,92,68,7,127,84,11,99,51,100,105,12" hai3="57,87,53,104,17,74,37,132,116,119,19,123,22"/><V40/><F127/><W94/><G123/><T30/><D120/><U91/><E33/><V82/><F39/><W32/><G32/><T0/><D75/><U106/><E112/><V43/><F68/><W8/><G104/><T20/><D124/><U61/><E125/><V50/><F107/><W54/><G74/><T122/><D122/><U88/><E106/><V108/><F108/><W31/><G37/><T60/><D131/><N who="1" m="50219" /><E133/><V25/><F105/><W46/><G132/><T103/><D0/><U66/><E23/><V102/><F102/><W2/><G2/><T64/><D5/><U85/><E63/><V10/><F10/><W1/><G1/><T117/><D117/><U97/><E91/><N who="2" m="51607" /><F25/><N who="3" m="16823" /><G119/><T93/><D86/><U35/><E35/><V15/><F15/><W56/><G116/><T129/><D129/><U113/><E113/><V6/><F6/><W4/><G4/><T34/><D34/><U48/><E48/><AGARI ba="2,2" hai="7,11,12,40,43,48,50,51,92,99,100" m="51607" machi="48" ten="30,1500,0" yaku="8,1" doraHai="65" who="2" fromWho="1" sc="187,0,284,-21,201,41,308,0" /><INIT seed="2,3,0,1,0,12" ten="187,263,242,308" oya="2" hai0="102,55,9,34,105,123,116,107,70,24,133,38,72" hai1="2,115,20,8,90,110,5,94,75,65,121,35,99" hai2="71,41,117,86,46,61,113,43,56,85,62,67,29" hai3="119,68,104,6,81,11,28,114,42,130,80,39,15"/><V92/><F117/><W89/><G119/><T111/><D55/><U25/><E115/><V74/><F74/><W31/><G114/><T73/><D24/><U47/><E121/><V64/><F113/><W44/><G104/><T53/><D9/><U37/><E110/><V49/><F29/><W59/><G68/><T51/><D53/><U98/><E75/><V83/><F92/><W57/><G130/><T48/><D51/><U18/><E65/><V77/><REACH who="2" step="1"/><F86/><REACH who="2" ten="187,263,232,308" step="2"/><W63/><G31/><T106/><D72/><U58/><E35/><V82/><F82/><W87/><G28/><T54/><D116/><U33/><E33/><V91/><F91/><W13/><G81/><T96/><D73/><U126/><E126/><V84/><F84/><W21/><G80/><T60/><D106/><U30/><E30/><V122/><F122/><W45/><G87/><T132/><D105/><U124/><E124/><V79/><F79/><W101/><G89/><T129/><D107/><U40/><E99/><V0/><F0/><W76/><G76/><T112/><D123/><U128/><E128/><V23/><F23/><W78/><G78/><T22/><D112/><U127/><E127/><V103/><F103/><W52/><G101/><T108/><D102/><U14/><E2/><V66/><F66/><N who="3" m="39279" /><G21/><T3/><D22/><U109/><E109/><V95/><F95/><W134/><G134/><T125/><D3/><U36/><E98/><V135/><F135/><W19/><G11/><T17/><D125/><U97/><E97/><V50/><F50/><N who="3" m="31127" /><G39/><T88/><D133/><U7/><E37/><RYUUKYOKU ba="3,1" sc="187,-10,263,-10,232,30,308,-10" hai2="41,43,46,49,56,61,62,64,67,71,77,83,85" /><INIT seed="2,4,1,1,3,46" ten="177,253,262,298" oya="2" hai0="2,124,115,100,18,40,89,134,9,97,127,132,22" hai1="130,34,30,37,16,59,133,95,15,101,72,7,50" hai2="68,84,92,41,36,53,4,69,31,52,135,6,55" hai3="118,109,56,117,10,91,27,81,78,17,13,20,125"/><V38/><F31/><W79/><G109/><T96/><D40/><U106/><E37/><N who="2" m="14443" /><F84/><W74/><G125/><N who="0" m="48203" /><D89/><U44/><E72/><V120/><F92/><W122/><G122/><T113/><D9/><U94/><E7/><N who="2" m="2603" /><F41/><W48/><G79/><T86/><D2/><U3/><E59/><V33/><F120/><W25/><G91/><T82/><D18/><U61/><E61/><V121/><F121/><W45/><G56/><T42/><D42/><U35/><E3/><V98/><F98/><N who="0" m="37994" /><D100/><U28/><E101/><V63/><F63/><W23/><G23/><T88/><D22/><U1/><E1/><V5/><F5/><W60/><G60/><T108/><D108/><U0/><E0/><V49/><F33/><W21/><G21/><T116/><D116/><U11/><E34/><V126/><F126/><W58/><G58/><T12/><D12/><U102/><E35/><V66/><F66/><W119/><REACH who="3" step="1"/><G20/><REACH who="3" ten="177,253,262,288" step="2"/><T107/><D107/><U104/><E106/><V51/><F135/><AGARI ba="4,2" hai="82,86,88,113,115,132,134,135" m="37994,48203" machi="135" ten="30,8000,1" yaku="20,1,18,1,34,2,54,1" doraHai="46" who="0" fromWho="2" sc="177,112,253,0,262,-92,288,0" /><INIT seed="3,0,0,2,3,1" ten="289,253,170,288" oya="3" hai0="128,89,116,112,47,14,2,41,23,115,26,74,33" hai1="67,68,120,40,61,43,102,79,122,94,103,101,59" hai2="16,55,124,0,58,45,83,57,21,78,13,125,19" hai3="66,35,123,9,99,134,11,113,95,131,51,6,38"/><W71/><G123/><T86/><D74/><U4/><E68/><V28/><F0/><W42/><G113/><T119/><D2/><U49/><E79/><V114/><F114/><N who="0" m="43562" /><D33/><U32/><E32/><V25/><F19/><W108/><G35/><T118/><D14/><U24/><E24/><V8/><F45/><W69/><G131/><T36/><D128/><U127/><E94/><V109/><F109/><W107/><G107/><T104/><D104/><U85/><E85/><V77/><F77/><W82/><G134/><T98/><D98/><U52/><E127/><V88/><F88/><W48/><G108/><T111/><D111/><U90/><E90/><V5/><F28/><W60/><G69/><T132/><D132/><U22/><E22/><V80/><F80/><W44/><G82/><N who="0" m="49367" /><D119/><U18/><E18/><AGARI ba="0,0" hai="18,23,26,36,41,47,116,118" m="49367,43562" machi="18" ten="30,1000,0" yaku="11,1" doraHai="1" who="0" fromWho="1" sc="289,10,253,-10,170,0,288,0" /><INIT seed="4,0,0,4,1,86" ten="299,243,170,288" oya="0" hai0="60,48,87,102,116,135,57,46,96,16,109,115,56" hai1="123,47,18,7,70,9,38,29,71,59,32,33,72" hai2="84,121,99,119,62,21,3,24,130,63,97,28,37" hai3="107,23,79,26,106,134,40,27,5,80,132,14,17"/><T108/><D116/><U58/><E123/><V89/><F37/><W98/><G40/><N who="0" m="24647" /><D115/><U66/><E18/><V110/><F110/><N who="0" m="42602" /><D135/><N who="3" m="51753" /><G5/><T1/><D1/><U88/><E59/><N who="0" m="22601" /><D87/><U53/><E72/><V113/><F3/><W15/><G98/><T91/><D91/><U19/><E19/><V76/><F113/><W6/><G6/><T73/><D60/><U44/><E33/><V30/><F119/><W131/><G131/><T95/><D73/><U54/><E32/><V12/><F130/><W83/><G83/><T133/><D133/><U50/><E29/><V34/><F121/><W39/><G39/><T117/><D117/><U124/><E38/><V128/><F128/><W92/><G92/><T85/><D85/><U49/><E9/><V45/><F30/><W35/><G35/><T42/><D42/><U25/><E25/><N who="3" m="9226" /><G14/><T31/><D31/><U82/><E7/><V120/><F12/><W51/><G51/><T77/><D77/><U118/><E118/><V104/><F76/><W20/><G20/><T55/><D55/><U36/><E36/><V0/><F34/><W74/><AGARI ba="0,0" hai="15,17,23,74,79,80,106,107" m="9226,51753" machi="74" ten="30,1100,0" yaku="20,1" doraHai="86" who="3" fromWho="3" sc="299,-5,243,-3,170,-3,288,11" /><INIT seed="5,0,0,3,0,64" ten="294,240,167,299" oya="1" hai0="50,122,119,10,131,65,54,94,108,129,63,15,112" hai1="83,60,45,31,51,105,79,96,115,90,123,117,14" hai2="124,36,4,111,48,81,80,3,87,127,57,22,98" hai3="59,101,125,29,114,128,130,62,55,74,49,68,104"/><U77/><E123/><V9/><F111/><W39/><G74/><T40/><D119/><U120/><E117/><V1/><F36/><W58/><G114/><T37/><D112/><U61/><E115/><V35/><F35/><W95/><G104/><T75/><D75/><U89/><E120/><V135/><F135/><W8/><G29/><T19/><D122/><U72/><E31/><V106/><F22/><W27/><G27/><T21/><D108/><U53/><E79/><V116/><F1/><W44/><G8/><T107/><D107/><U99/><E14/><V13/><F3/><W23/><G23/><T85/><D10/><U7/><E7/><V70/><F116/><W24/><G24/><T78/><D40/><U118/><E118/><V133/><F133/><W26/><G26/><T134/><D37/><U132/><E132/><V100/><F70/><W28/><G28/><T18/><D18/><U32/><E32/><V69/><F69/><W11/><G11/><T20/><D20/><U38/><E38/><V121/><F121/><W91/><G101/><T41/><D134/><U109/><E109/><V76/><REACH who="2" step="1"/><F81/><REACH who="2" ten="294,240,157,299" step="2"/><W43/><G125/><T46/><D21/><U88/><REACH who="1" step="1"/><E105/><REACH who="1" ten="294,230,157,299" step="2"/><V97/><F97/><AGARI ba="0,2" hai="45,51,53,60,61,72,77,83,88,89,90,96,97,99" machi="97" ten="40,12000,1" yaku="1,1,2,1,54,1,53,1" doraHai="64" doraHaiUra="73" who="1" fromWho="2" sc="294,0,230,140,157,-120,299,0" /><INIT seed="5,1,0,5,5,134" ten="294,370,37,299" oya="1" hai0="25,69,111,38,53,1,86,5,127,128,66,4,99" hai1="78,89,100,36,104,7,67,24,9,10,130,37,102" hai2="90,68,121,85,103,118,12,14,84,17,26,15,2" hai3="33,88,70,105,47,74,13,91,95,57,22,27,116"/><U30/><E78/><V77/><F2/><W46/><G70/><T94/><D38/><U106/><E67/><V115/><F68/><W51/><G105/><T135/><D53/><U132/><E89/><V108/><F108/><W82/><G116/><T93/><D86/><U59/><E59/><V63/><F121/><W8/><G33/><T62/><D25/><U34/><E132/><V52/><F118/><W117/><G117/><T43/><D43/><U56/><E56/><N who="2" m="35207" /><F115/><W21/><G74/><T42/><D42/><U126/><E126/><V110/><F110/><W113/><G113/><T49/><D127/><U60/><E60/><V71/><F71/><W16/><G82/><T18/><D111/><U109/><E109/><V58/><F58/><W48/><G57/><T6/><D135/><U28/><E130/><V0/><F0/><W123/><G123/><T101/><D128/><U112/><E112/><V31/><F103/><W45/><G91/><T54/><D1/><U61/><E61/><V76/><F31/><N who="3" m="17903" /><G22/><T129/><D129/><U40/><E34/><V32/><F32/><W44/><N who="3" m="11264" /><DORA hai="122" /><W50/><G50/><T131/><D131/><U81/><E40/><V55/><F55/><W35/><G35/><T11/><D69/><U72/><E72/><V39/><F39/><W41/><G41/><T20/><D54/><U87/><E37/><V83/><F85/><AGARI ba="1,0" hai="8,13,16,48,51,85,88,95" m="11264,17903" machi="85" ten="40,5200,0" yaku="8,1,54,2" doraHai="134,122" who="3" fromWho="2" sc="294,0,370,0,37,-55,299,55" owari="294,-11.0,370,48.0,-18,-52.0,354,15.0" /></mjloggm>