<mjloggm ver="2.3"><GO type="225" lobby="0"/><UN n0="%45%6D%75%72%61%74%65%64" n1="%E3%82%8C%E3%81%A3%E3%81%A9%E3%81%A9%E3%81%A3%E3%81%90" n2="%E3%81%8D%E3%82%8A%E3%81%B5%E3%81%A0" n3="%E7%8D%A3%E8%87%AD%E3%81%84%E8%82%89%E7%90%83" dan="16,16,17,17" rate="2058.82,2091.11,2190.78,2197.65" sx="M,F,M,M"/><TAIKYOKU oya="0"/><INIT seed="0,0,0,3,4,103" ten="250,250,250,250" oya="0" hai0="116,24,70,55,12,85,40,77,32,91,47,113,19" hai1="106,58,45,118,68,35,114,101,15,105,120,125,64" hai2="124,69,29,95,107,31,86,94,82,102,132,27,65" hai3="43,110,84,90,126,81,76,21,88,16,74,26,41"/><T57/><D70/><U56/><E118/><V44/><F132/><W14/><G110/><T127/><D116/><U66/><E120/><V135/><F135/><W117/><G117/><T123/><D123/><U128/><E101/><V87/><F124/><W80/><G126/><T28/><D127/><U83/><E125/><V18/><F44/><W71/><G71/><T122/><D122/><U96/><E96/><N who="2" m="61895" /><F29/><W98/><G98/><T99/><D113/><U75/><E45/><V100/><F18/><W129/><G129/><T62/><D77/><U20/><E68/><V37/><F100/><W67/><G67/><N who="1" m="25642" /><E35/><V112/><F37/><W109/><G109/><T79/><D79/><U51/><E51/><V30/><F30/><W121/><G121/><T60/><D99/><U115/><E128/><V23/><F23/><W10/><REACH who="3" step="1"/><G90/><REACH who="3" ten="250,250,250,240" step="2"/><T34/><D34/><U134/><E134/><V25/><F65/><W130/><G130/><T92/><D32/><U0/><E115/><V39/><F69/><W11/><G11/><T3/><D91/><U48/><E114/><V59/><F112/><W1/><G1/><T54/><D3/><U33/><E0/><V7/><F87/><W72/><G72/><T36/><D85/><U9/><E75/><V104/><F86/><W119/><G119/><T93/><D28/><AGARI ba="0,1" hai="10,14,16,21,26,28,41,43,74,76,80,81,84,88" machi="28" ten="30,8000,1" yaku="1,1,7,1,54,2,53,1" doraHai="103" doraHaiUra="13" who="3" fromWho="0" sc="250,-80,250,0,250,0,240,90" /><INIT seed="1,0,0,2,1,68" ten="170,250,250,330" oya="1" hai0="27,120,56,59,103,71,132,29,62,28,16,91,99" hai1="125,18,70,107,101,121,37,47,25,113,110,31,134" hai2="11,88,92,93,94,133,81,40,122,130,42,44,111" hai3="2,82,78,123,73,100,43,19,35,51,124,114,12"/><U109/><E18/><V126/><F122/><W63/><G2/><T21/><D120/><U96/><E121/><V97/><F111/><N who="1" m="42505" /><E113/><V64/><F130/><W65/><G123/><T108/><D108/><U53/><E134/><V131/><F131/><W104/><G35/><T45/><D132/><U116/><E70/><V135/><F126/><W14/><G124/><T85/><D71/><U106/><E125/><V89/><F64/><W86/><G73/><T5/><D5/><U49/><E116/><V34/><F34/><W129/><G129/><T77/><D77/><U112/><E112/><V30/><F30/><W75/><G75/><T69/><D69/><U0/><E0/><V61/><F61/><W127/><G63/><T32/><D45/><U7/><E7/><V84/><F135/><W20/><G114/><T48/><D48/><U8/><E8/><V95/><F133/><W33/><G51/><T38/><D38/><U74/><E74/><V15/><N who="2" m="23552" /><DORA hai="22" /><V17/><F44/><W54/><G19/><T90/><D56/><U115/><E107/><V128/><F128/><W119/><G104/><T117/><D117/><U6/><E6/><V23/><F11/><W80/><G119/><T55/><D32/><N who="1" m="20591" /><E115/><V87/><F97/><W24/><G33/><T60/><D60/><U9/><E9/><V98/><F98/><W72/><G72/><T102/><D99/><U41/><E53/><V67/><F67/><W39/><G65/><T57/><D57/><U79/><E79/><V4/><F4/><W3/><G78/><T50/><D29/><U66/><E66/><RYUUKYOKU ba="0,0" sc="170,-15,250,15,250,15,330,-15" hai1="37,41,47,49,96,101,106" hai2="15,17,23,40,42,81,84,87,88,89" /><INIT seed="1,1,0,0,3,27" ten="155,265,265,315" oya="1" hai0="117,41,14,22,24,28,108,69,126,43,72,122,32" hai1="18,75,13,97,11,111,67,85,65,37,25,95,135" hai2="7,19,30,106,123,131,52,94,110,0,73,114,80" hai3="10,115,49,83,71,17,38,5,118,8,4,99,77"/><U125/><E37/><V121/><F106/><W39/><G115/><T134/><D117/><U104/><E75/><V35/><F114/><W129/><G71/><T101/><D69/><U70/><E125/><V34/><F94/><W50/><G118/><T74/><D126/><U119/><E119/><V103/><F103/><W64/><G64/><T127/><D127/><U93/><E104/><V62/><F19/><W107/><G17/><T54/><D134/><U113/><E113/><V44/><F35/><W26/><G26/><T60/><D101/><U90/><E135/><V96/><F96/><W105/><G99/><T58/><D122/><U88/><E70/><V40/><F62/><W42/><G42/><T1/><D1/><U63/><E63/><V51/><F40/><W109/><G83/><T66/><D108/><U56/><E56/><V81/><F81/><W79/><G129/><T76/><D74/><U47/><E47/><V132/><F132/><W86/><G86/><T55/><D76/><U15/><E111/><AGARI ba="1,0" hai="4,5,8,10,38,39,49,50,77,79,105,107,109,111" machi="111" ten="25,1600,0" yaku="22,2" doraHai="27" who="3" fromWho="1" sc="155,0,265,-19,265,0,315,19" /><INIT seed="2,0,0,1,4,87" ten="155,246,265,334" oya="2" hai0="10,131,127,60,23,71,115,91,66,104,86,110,81" hai1="1,7,8,69,102,18,49,72,44,82,94,26,74" hai2="97,9,96,38,4,84,57,79,93,64,128,41,114" hai3="32,50,22,3,124,134,125,100,62,63,65,40,120"/><V121/><F114/><W29/><G120/><T123/><D123/><U61/><E102/><V55/><F121/><W95/><G3/><T105/><D115/><U14/><E26/><V42/><F128/><W52/><G40/><T12/><D131/><U24/><E24/><V108/><F64/><W21/><G32/><T77/><D127/><N who="3" m="48713" /><G134/><T129/><D129/><U58/><E69/><V98/><F108/><W118/><G118/><T101/><D110/><U25/><E25/><V28/><F28/><W132/><G132/><T83/><D23/><N who="3" m="8713" /><G65/><T80/><D101/><U90/><E82/><V2/><F38/><W13/><G13/><T70/><D70/><U111/><E111/><V68/><F68/><W16/><G16/><T46/><D46/><U0/><E0/><V37/><F37/><W59/><G29/><T89/><D81/><U36/><E36/><V19/><F19/><W43/><G43/><T76/><D105/><U56/><E1/><V73/><F73/><W67/><G67/><T88/><D104/><U130/><E130/><V11/><F11/><W78/><G78/><T107/><D107/><U122/><E122/><V17/><F17/><W27/><G27/><T117/><D117/><U20/><E20/><V54/><F79/><W75/><G75/><T112/><D112/><U106/><E106/><V5/><F5/><W35/><G35/><T119/><D119/><U113/><E113/><V33/><F33/><W116/><G116/><T85/><D77/><U135/><E135/><V109/><F109/><W48/><G48/><T133/><D133/><U51/><E7/><AGARI ba="0,0" hai="7,10,12,60,66,71,76,80,83,85,86,88,89,91" machi="7" ten="30,12000,2" yaku="6,1,7,1,52,3,54,1" doraHai="87" who="0" fromWho="1" sc="155,120,246,-120,265,0,334,0" /><INIT seed="3,0,0,1,3,24" ten="275,126,265,334" oya="3" hai0="73,23,3,5,13,44,65,12,86,105,40,62,57" hai1="89,48,122,129,87,74,123,88,41,32,16,14,84" hai2="133,78,11,106,91,37,2,25,117,51,112,36,7" hai3="72,110,70,101,111,96,125,130,31,126,34,103,29"/><W0/><G130/><T63/><D73/><U85/><E74/><V108/><F112/><W19/><G0/><T113/><D105/><U54/><E41/><V83/><F108/><N who="3" m="41515" /><G72/><T71/><D113/><U6/><E6/><V47/><F133/><W27/><G70/><T118/><D118/><U30/><E129/><V45/><F106/><N who="3" m="63783" /><G29/><T128/><D128/><U1/><E1/><V10/><F91/><W115/><G115/><T134/><D134/><U69/><E69/><V124/><F124/><W50/><G103/><T59/><D71/><U68/><E68/><V98/><F98/><W49/><G19/><T20/><D86/><U92/><E123/><V64/><F64/><W66/><G66/><N who="0" m="39247" /><D3/><U75/><E75/><V58/><F11/><W107/><G107/><T119/><D119/><U39/><E39/><V80/><F80/><W121/><G121/><T17/><D5/><U43/><E43/><V33/><F37/><W21/><G34/><T94/><D94/><U104/><E104/><V77/><F36/><W114/><G114/><T131/><D131/><U35/><E122/><V99/><F99/><W132/><G132/><T18/><D40/><U116/><E116/><V120/><F120/><W15/><G15/><T82/><D82/><U76/><E76/><V97/><F97/><W90/><G90/><T135/><D135/><U38/><E38/><V79/><F83/><W9/><G126/><T42/><D42/><U60/><E89/><V8/><F8/><W28/><G9/><T53/><D44/><U52/><E35/><V127/><F127/><W61/><G125/><RYUUKYOKU ba="0,0" sc="275,30,126,-10,265,-10,334,-10" hai0="12,13,17,18,20,23,53,59,63,65" owari="305,11.0,116,-38.0,255,-14.0,324,41.0" /></mjloggm>