<mjloggm ver="2.3"><GO type="169" lobby="0"/><UN n0="%65%72%61%6E%76%69%74%61" n1="%E8%9B%99%E3%81%AE%E7%8E%8B" n2="%74%72%69%65%74%74%61" n3="%6D%61%74%6F%74%69%6E" dan="16,18,16,16" rate="2141.43,2266.16,2108.55,2066.81" sx="M,M,M,M"/><TAIKYOKU oya="0"/><INIT seed="0,0,0,5,2,5" ten="250,250,250,250" oya="0" hai0="85,111,29,18,58,25,22,68,39,78,15,134,133" hai1="50,40,1,26,71,67,96,0,55,125,6,74,135" hai2="95,76,97,119,12,45,56,82,115,49,128,4,69" hai3="28,107,131,118,8,16,101,27,89,60,13,2,93"/><T80/><D68/><U47/><E74/><V99/><F69/><W62/><G118/><T124/><D39/><U79/><E79/><V66/><F115/><W61/><G131/><T21/><D124/><U43/><E125/><V10/><F128/><W52/><G2/><T3/><D3/><U117/><E117/><V73/><F119/><W70/><G107/><T126/><D126/><U9/><E1/><V17/><F66/><W92/><G101/><T57/><REACH who="0" step="1"/><D111/><REACH who="0" ten="240,250,250,250" step="2"/><U109/><E109/><V72/><F72/><W83/><G70/><T123/><D123/><U19/><E71/><V120/><F120/><W14/><G14/><T75/><D75/><U86/><E0/><V91/><F56/><AGARI ba="0,1" hai="15,18,21,22,25,29,56,57,58,78,80,85,133,134" machi="56" ten="40,7700,0" yaku="1,1,53,2" doraHai="5" doraHaiUra="129" who="0" fromWho="2" sc="240,87,250,0,250,-77,250,0" /><INIT seed="0,1,0,5,5,9" ten="327,250,173,250" oya="0" hai0="63,109,117,131,57,0,77,59,28,25,125,72,73" hai1="85,133,74,120,56,12,101,64,49,99,79,98,21" hai2="81,27,76,114,40,95,87,102,62,60,71,43,7" hai3="122,16,39,93,116,128,65,20,4,105,51,3,90"/><T127/><D0/><U108/><E74/><V94/><F114/><W103/><G116/><T47/><D117/><U96/><E120/><V6/><F27/><W66/><G39/><T45/><D131/><U55/><E108/><V67/><F62/><W1/><G128/><T100/><D109/><U50/><E133/><V83/><F95/><W123/><G103/><T38/><D100/><U115/><E115/><V26/><F26/><W75/><G75/><N who="0" m="28747" /><D77/><U84/><E64/><N who="3" m="24682" /><G105/><T110/><D110/><U11/><E21/><V24/><F24/><N who="3" m="14343" /><G51/><T37/><D25/><U17/><E101/><V35/><F35/><W124/><G124/><N who="0" m="47691" /><D63/><U29/><E29/><V18/><F60/><W10/><G10/><T42/><D28/><U22/><E79/><V82/><F102/><W68/><G4/><T91/><D91/><U97/><N who="1" m="25088" /><DORA hai="5" /><U23/><E49/><V78/><F7/><W132/><G132/><T121/><D121/><N who="3" m="46089" /><G68/><T61/><D61/><U89/><E89/><N who="2" m="53567" /><F6/><W106/><G106/><T119/><D119/><U86/><AGARI ba="1,0" hai="11,12,17,22,23,50,55,56,84,85,86" m="25088" machi="86" ten="50,8000,1" yaku="0,1,8,1,52,2" doraHai="9,5" who="1" fromWho="1" sc="327,-41,250,83,173,-21,250,-21" /><INIT seed="1,0,0,4,5,38" ten="286,333,152,229" oya="1" hai0="17,36,110,87,124,31,10,88,43,41,20,99,70" hai1="89,129,55,28,6,78,61,122,0,106,4,96,33" hai2="77,73,52,19,114,126,135,12,115,132,74,39,79" hai3="48,101,117,30,112,85,108,45,80,59,65,109,84"/><U42/><E122/><V56/><F39/><W57/><G117/><T90/><D70/><U35/><E78/><N who="2" m="29707" /><F19/><W37/><G37/><T128/><D36/><U18/><E106/><V127/><F12/><W119/><G119/><T68/><D68/><U69/><E69/><V49/><F74/><W111/><G112/><N who="2" m="43049" /><F73/><W81/><G30/><T113/><D113/><U91/><E28/><V34/><F34/><W72/><G72/><T2/><D2/><U131/><E18/><V71/><F71/><W60/><G101/><T98/><D110/><U1/><E61/><V54/><F54/><N who="3" m="29967" /><G57/><T102/><D31/><U3/><E3/><V118/><F118/><W50/><G50/><T95/><D10/><U58/><E55/><V64/><F64/><W27/><G27/><T21/><D17/><U104/><E58/><V75/><F75/><W123/><G123/><T134/><D102/><U11/><E11/><V32/><F32/><W130/><G130/><T93/><D128/><U5/><E5/><V13/><F13/><W7/><G7/><T92/><D87/><AGARI ba="0,0" hai="59,60,65,80,81,84,85,87,108,109,111" m="29967" machi="87" ten="30,1000,0" yaku="14,1" doraHai="38" who="3" fromWho="0" sc="286,-10,333,0,152,0,229,10" /><INIT seed="2,0,0,4,3,94" ten="276,333,152,239" oya="2" hai0="110,39,24,112,76,51,101,54,113,15,96,19,48" hai1="22,1,109,5,124,63,7,133,122,32,95,77,131" hai2="43,111,128,92,100,104,75,99,130,16,25,35,79" hai3="28,107,20,81,83,105,33,87,106,40,56,69,49"/><V93/><F43/><W88/><G69/><T126/><D39/><U2/><E77/><V31/><F79/><W47/><G33/><T78/><D110/><U127/><E32/><V29/><F75/><W118/><G118/><T72/><D126/><N who="1" m="48171" /><E63/><V37/><F37/><W9/><G9/><T30/><D51/><U115/><E95/><V120/><F120/><W135/><G135/><T64/><D64/><U119/><E119/><V62/><F62/><W11/><G11/><T102/><D102/><U91/><E91/><V13/><F31/><W97/><G56/><T42/><D72/><U44/><E44/><V52/><F52/><W134/><G134/><T21/><D42/><U4/><E133/><V103/><F111/><W68/><G68/><T73/><D73/><U74/><E74/><V70/><F70/><W132/><G132/><T14/><D113/><U84/><E84/><V86/><F86/><W60/><G60/><T129/><D112/><U123/><E109/><V8/><REACH who="2" step="1"/><F103/><REACH who="2" ten="276,333,142,239" step="2"/><W6/><G28/><T117/><D117/><U50/><E115/><V46/><F46/><W57/><G40/><T80/><D78/><U66/><E123/><V53/><F53/><W98/><G47/><T34/><D54/><U26/><E122/><V116/><F116/><W67/><G87/><N who="0" m="48519" /><D48/><U0/><E50/><V65/><F65/><W3/><G49/><T85/><D85/><U90/><E66/><V61/><F61/><W36/><G67/><T82/><D82/><U41/><E41/><V45/><F45/><W114/><G81/><T55/><D55/><U89/><E131/><AGARI ba="0,1" hai="8,13,16,25,29,35,92,93,99,100,104,128,130,131" machi="131" ten="40,18000,2" yaku="1,1,6,1,19,1,52,1,54,1,53,1" doraHai="94" doraHaiUra="12" who="2" fromWho="1" sc="276,0,333,-180,142,190,239,0" /><INIT seed="2,1,0,4,2,102" ten="276,153,332,239" oya="2" hai0="93,130,31,133,114,49,87,76,9,59,42,23,83" hai1="63,88,98,73,13,32,6,122,101,52,115,67,22" hai2="26,97,34,129,127,109,75,82,81,91,132,2,104" hai3="85,92,65,55,120,48,0,84,100,35,33,56,90"/><V36/><RYUUKYOKU type="yao9" ba="1,0" sc="276,0,153,0,332,0,239,0" hai2="2,26,34,36,75,81,82,91,97,104,109,127,129,132" /><INIT seed="2,2,0,2,1,105" ten="276,153,332,239" oya="2" hai0="39,83,85,109,91,20,131,130,133,122,4,42,22" hai1="52,21,60,53,41,135,121,9,99,26,73,57,114" hai2="62,63,64,89,126,55,1,50,13,38,36,58,128" hai3="127,61,112,18,14,23,31,40,107,54,84,15,78"/><V51/><F1/><W59/><G107/><T32/><D122/><U6/><E121/><V118/><F118/><W96/><G127/><T2/><D32/><U49/><E114/><V75/><F89/><W100/><G112/><T72/><D109/><U113/><E113/><V124/><F13/><W88/><G78/><T71/><D71/><U102/><E135/><V93/><F93/><N who="3" m="58383" /><G31/><T98/><D133/><U132/><E132/><V17/><F17/><W5/><G40/><T87/><D98/><U70/><E41/><V86/><F86/><W110/><G110/><T24/><D72/><U7/><E73/><V90/><F90/><W46/><G46/><T119/><D119/><U0/><E7/><V10/><F10/><N who="3" m="4431" /><G84/><T74/><D74/><U101/><E99/><V67/><F128/><W3/><G3/><T19/><D42/><U12/><E0/><V27/><F75/><W56/><G56/><T95/><D39/><N who="2" m="14890" /><F27/><W48/><G88/><T28/><D4/><U77/><E77/><V111/><F111/><W47/><G47/><T81/><D2/><U104/><E104/><V123/><F123/><W134/><G134/><T29/><D29/><N who="1" m="17615" /><E70/><N who="2" m="42263" /><F67/><W44/><G15/><T30/><D30/><U108/><E108/><V35/><F35/><W129/><G129/><N who="0" m="49163" /><D85/><U120/><E120/><V68/><F68/><W33/><G33/><T115/><D115/><U116/><E116/><V82/><F82/><W92/><G92/><T8/><D8/><U45/><AGARI ba="2,0" hai="6,9,12,45,49,52,53,57,60,101,102" m="17615" machi="45" ten="30,2000,0" yaku="8,1,54,1" doraHai="105" who="1" fromWho="1" sc="276,-7,153,26,332,-12,239,-7" /><INIT seed="3,0,0,0,5,10" ten="269,179,320,232" oya="3" hai0="7,43,73,71,24,9,17,31,96,40,4,117,105" hai1="13,82,134,132,8,3,84,1,63,75,52,51,21" hai2="53,102,121,64,97,59,6,124,135,49,128,119,46" hai3="12,57,90,86,23,95,45,103,94,111,30,72,115"/><W76/><G115/><T34/><D73/><U106/><E21/><V44/><F119/><W118/><G118/><T77/><D117/><U15/><E63/><V100/><F124/><W19/><G111/><T74/><D7/><N who="1" m="1135" /><E75/><V32/><F32/><W5/><G72/><T35/><D35/><U109/><E106/><V113/><F113/><W61/><G76/><T66/><D17/><U65/><E65/><V28/><F28/><W58/><G30/><T50/><D50/><U126/><E126/><V87/><F135/><N who="1" m="51753" /><E3/><V0/><F128/><W83/><G5/><T107/><D107/><U79/><E109/><V16/><F121/><W20/><G103/><N who="0" m="62695" /><D74/><U69/><E69/><V110/><F110/><W39/><G39/><T78/><D78/><U127/><E127/><V55/><F0/><W114/><G114/><T2/><D77/><U104/><E104/><V67/><F6/><W120/><G120/><T56/><D56/><AGARI ba="0,0" hai="13,15,51,52,56,79,82,84" m="51753,1135" machi="56" ten="30,7700,0" yaku="20,1,52,2,54,1" doraHai="10" who="1" fromWho="0" sc="269,-77,179,77,320,0,232,0" /><INIT seed="4,0,0,5,4,40" ten="192,256,320,232" oya="0" hai0="108,91,100,128,75,118,115,49,2,117,72,106,101" hai1="98,58,80,27,24,25,23,28,68,111,16,15,66" hai2="7,14,37,56,0,6,47,52,57,90,95,125,9" hai3="10,74,86,102,41,65,30,81,54,77,67,4,53"/><T61/><D2/><U112/><E68/><V99/><F125/><W50/><G30/><T51/><D61/><N who="1" m="38199" /><E111/><V73/><F73/><N who="0" m="28234" /><D49/><U133/><E133/><V96/><F37/><W31/><G31/><T89/><D51/><U64/><E64/><V78/><F78/><W122/><G74/><T109/><D115/><U131/><E80/><V5/><F0/><W110/><G122/><T70/><D70/><U22/><E112/><V55/><F47/><N who="3" m="25967" /><G110/><N who="0" m="42603" /><D128/><U113/><E113/><V21/><F21/><W88/><G102/><N who="0" m="39531" /><D106/><U1/><E1/><V107/><F107/><W48/><G54/><T94/><D94/><U26/><E131/><V97/><F57/><N who="3" m="32935" /><G77/><T83/><D83/><U69/><E69/><V103/><F55/><W87/><G87/><T76/><D76/><U38/><E38/><V46/><F46/><W63/><G63/><T35/><D35/><U8/><E22/><V59/><F59/><W134/><G134/><T104/><D104/><U44/><E44/><V29/><F29/><W3/><G3/><T32/><D32/><U43/><E43/><V36/><F36/><W123/><G10/><T93/><D93/><U12/><E12/><V85/><REACH who="2" step="1"/><F103/><REACH who="2" ten="192,256,310,232" step="2"/><W33/><G33/><T92/><D92/><U42/><E42/><V135/><F135/><W17/><G67/><T11/><D11/><U62/><E8/><V13/><F13/><W119/><G65/><T114/><D114/><U120/><E15/><V129/><F129/><W60/><G60/><AGARI ba="0,1" hai="5,6,7,9,14,52,56,60,85,90,95,96,97,99" machi="60" ten="40,5200,0" yaku="1,1,8,1,54,1,53,0" doraHai="40" doraHaiUra="20" who="2" fromWho="3" sc="192,0,256,0,310,62,232,-52" /><INIT seed="5,0,0,2,5,124" ten="192,256,372,180" oya="1" hai0="117,107,99,61,126,52,118,112,119,59,76,135,104" hai1="32,130,51,10,5,87,132,12,105,120,93,60,38" hai2="43,125,19,24,33,13,56,42,35,0,110,82,17" hai3="73,83,96,65,31,30,70,134,29,55,111,45,116"/><U121/><E38/><V67/><F110/><W49/><G111/><T97/><D126/><U72/><E105/><V8/><F0/><W37/><G37/><T21/><D112/><U94/><E72/><V40/><F125/><W106/><G134/><T46/><D135/><U108/><E32/><V131/><F131/><W6/><G6/><T57/><D76/><U79/><E130/><V71/><F71/><W101/><G116/><T123/><D123/><U85/><E132/><V86/><F33/><W77/><G65/><T102/><D46/><U64/><E108/><V62/><F35/><W63/><G63/><T26/><D57/><U91/><E51/><V80/><F86/><W100/><G100/><T14/><D14/><U114/><E114/><V68/><F68/><W36/><G36/><T90/><D90/><U16/><E5/><V9/><F8/><W129/><REACH who="3" step="1"/><G70/><REACH who="3" ten="192,256,372,170" step="2"/><T11/><D102/><U48/><E121/><V20/><AGARI ba="0,1" hai="9,13,17,19,20,24,40,42,43,56,62,67,80,82" machi="20" ten="30,2000,0" yaku="0,1,8,1" doraHai="124" who="2" fromWho="2" sc="192,-5,256,-10,372,30,170,-5" /><INIT seed="6,0,0,0,0,0" ten="187,246,402,165" oya="2" hai0="94,124,107,89,92,67,121,128,110,116,46,33,53" hai1="34,12,87,58,56,25,103,31,100,14,98,76,115" hai2="8,134,88,120,68,5,99,109,42,114,129,24,69" hai3="28,105,54,132,37,19,80,66,35,118,112,85,127"/><V117/><F120/><W91/><G118/><T83/><D33/><U73/><E73/><V1/><F117/><W2/><G105/><T13/><D107/><U72/><E72/><V135/><F114/><W90/><G132/><N who="2" m="50729" /><F129/><W104/><G127/><T95/><D110/><U49/><E115/><V26/><F42/><W36/><G112/><T47/><D121/><U7/><E14/><V122/><F122/><W9/><G104/><T41/><D116/><U62/><E49/><V84/><F99/><W48/><G66/><T29/><D29/><U40/><E40/><V21/><F109/><W15/><G2/><T101/><D124/><U78/><E56/><V96/><F96/><W75/><G75/><T108/><D108/><U55/><E103/><V45/><F45/><W63/><G63/><T106/><D101/><U38/><E38/><V16/><F26/><W131/><G131/><T50/><D128/><U130/><E130/><V111/><F111/><W11/><G11/><T113/><D113/><U51/><E62/><V123/><F123/><W17/><G17/><T93/><D106/><U10/><E87/><V57/><F57/><N who="3" m="32967" /><G91/><T43/><D46/><U86/><E86/><V71/><F71/><W61/><G61/><T39/><D39/><N who="3" m="14921" /><G28/><T81/><N who="0" m="23552" /><DORA hai="60" /><T133/><D133/><U82/><E98/><V97/><F97/><W79/><G90/><T4/><D89/><U6/><E100/><V70/><F70/><W74/><G85/><T52/><D43/><U27/><E31/><V119/><F88/><W30/><G30/><T77/><D41/><U3/><E34/><RYUUKYOKU ba="0,0" sc="187,-10,246,-10,402,-10,165,30" hai3="9,15,19,35,74,79,80" /><INIT seed="7,1,0,4,3,49" ten="177,236,392,195" oya="3" hai0="121,115,57,10,113,73,75,91,45,28,132,11,3" hai1="97,12,22,65,122,55,9,2,8,95,26,56,27" hai2="116,67,77,32,64,94,114,72,25,0,105,53,71" hai3="35,88,7,15,19,133,117,24,86,23,13,52,107"/><W44/><G117/><T134/><D121/><U125/><E65/><V128/><F105/><W41/><G107/><T130/><D130/><U60/><E122/><V101/><F116/><W79/><G35/><T37/><D28/><U83/><E2/><V99/><F0/><W43/><G133/><N who="0" m="51307" /><D91/><N who="1" m="55551" /><E83/><V96/><F71/><W78/><G79/><T98/><D98/><U81/><E81/><V48/><F77/><W126/><G126/><T31/><D31/><U59/><E59/><V92/><F72/><N who="0" m="27722" /><D57/><U109/><E109/><V70/><F114/><N who="0" m="43530" /><D3/><U34/><E56/><N who="2" m="32807" /><F70/><W68/><G68/><T66/><D66/><U131/><E131/><V30/><F32/><W17/><G78/><T100/><D100/><U61/><E34/><V20/><F128/><W103/><G103/><AGARI ba="1,0" hai="20,25,30,64,67,92,94,96,99,101,103" m="32807" machi="103" ten="30,2000,0" yaku="8,1,52,1" doraHai="49" who="2" fromWho="3" sc="177,0,236,0,392,23,195,-23" owari="177,-22.0,236,4.0,415,51.0,172,-33.0" /></mjloggm>