<mjloggm ver="2.3"><GO type="169" lobby="0"/><UN n0="%E4%BA%BA%E7%94%9F%E3%83%95%E3%83%AB%E3%82%BC%E3%83%B3%E3%83%84" n1="%E5%81%BD%E5%96%84%E8%80%85%E9%AB%98%E6%A9%8B%E3%81%BF%E3%81%AA%E3%81%BF" n2="%E5%B9%BB%E9%9C%8A" n3="%E3%81%8B%E3%82%81%E3%81%98%E3%82%8D%E3%81%86" dan="17,16,16,17" rate="2191.10,2128.09,2151.96,2154.48" sx="M,F,F,M"/><TAIKYOKU oya="0"/><INIT seed="0,0,0,3,2,128" ten="250,250,250,250" oya="0" hai0="29,99,9,127,101,50,17,130,104,61,79,117,0" hai1="13,33,87,122,96,115,6,7,76,123,18,82,69" hai2="28,2,66,31,133,23,56,94,64,26,10,24,48" hai3="45,120,44,20,35,49,105,51,126,32,25,134,16"/><T107/><D117/><U70/><E33/><V135/><F94/><W15/><G126/><T74/><D127/><U108/><E108/><V65/><F2/><W106/><G120/><T27/><D130/><U1/><E115/><V55/><REACH who="2" step="1"/><F10/><REACH who="2" ten="250,250,240,250" step="2"/><W116/><G116/><T73/><D0/><U57/><E1/><V14/><F14/><W89/><G106/><T97/><D9/><U111/><E13/><V34/><AGARI ba="0,1" hai="23,24,26,28,31,34,48,55,56,64,65,66,133,135" machi="34" ten="30,8000,1" yaku="1,1,0,1,52,2,53,1" doraHai="128" doraHaiUra="47" who="2" fromWho="2" sc="250,-40,250,-20,240,90,250,-20" /><INIT seed="1,0,0,5,0,42" ten="210,230,330,230" oya="1" hai0="114,11,53,15,127,71,88,2,61,55,100,43,13" hai1="75,85,78,6,120,0,86,38,89,115,7,65,31" hai2="12,96,69,52,9,59,24,3,72,125,119,39,116" hai3="110,8,25,67,126,76,135,60,29,70,34,77,47"/><U112/><E75/><V121/><F121/><W81/><G110/><T82/><D114/><U21/><E120/><V79/><F3/><W63/><G126/><T4/><D127/><U66/><E38/><V1/><F1/><W111/><G111/><T134/><D134/><U94/><E115/><V18/><F39/><W5/><G135/><T105/><D43/><U40/><E40/><V49/><F69/><W122/><G122/><T28/><D28/><U62/><E0/><V41/><F125/><W102/><G63/><T104/><D2/><U103/><E103/><V56/><F41/><W17/><G5/><N who="1" m="1546" /><E62/><V118/><F24/><W124/><G124/><T109/><D109/><U33/><E33/><V27/><F27/><W45/><G102/><T54/><D15/><U113/><E113/><V123/><F123/><W30/><G30/><T132/><D132/><U74/><E74/><V48/><F96/><W32/><G32/><T50/><D50/><U46/><E46/><V84/><F72/><W58/><G70/><T91/><D100/><U83/><E112/><V106/><F106/><W99/><G99/><T44/><D44/><N who="3" m="16969" /><G81/><T36/><D36/><U98/><E98/><V10/><F119/><W131/><G131/><T95/><D82/><U26/><AGARI ba="0,0" hai="21,26,31,65,66,78,83,85,86,89,94" m="1546" machi="26" ten="30,1500,0" yaku="8,1" doraHai="42" who="1" fromWho="1" sc="210,-5,230,15,330,-5,230,-5" /><INIT seed="1,1,0,3,5,73" ten="205,245,325,225" oya="1" hai0="0,126,17,22,58,50,23,68,79,76,116,59,94" hai1="98,129,45,51,87,85,56,67,35,53,49,108,91" hai2="3,11,31,33,75,84,63,62,14,54,107,82,78" hai3="124,16,44,101,65,64,96,34,6,40,10,7,25"/><U104/><E35/><V113/><F107/><W29/><G124/><T92/><D68/><U106/><E129/><V13/><F113/><W4/><G10/><T93/><D0/><U132/><E132/><V15/><F75/><W95/><REACH who="3" step="1"/><G16/><REACH who="3" ten="205,245,325,215" step="2"/><T2/><D126/><U81/><E108/><V12/><F3/><W60/><G60/><T103/><D2/><U37/><E37/><AGARI ba="1,1" hai="4,6,7,25,29,34,37,40,44,64,65,95,96,101" machi="37" ten="40,1300,0" yaku="1,1,53,0" doraHai="73" doraHaiUra="66" who="3" fromWho="1" sc="205,0,245,-16,325,0,215,26" /><INIT seed="2,0,0,2,1,18" ten="205,229,325,241" oya="2" hai0="116,83,94,52,3,37,62,89,7,63,76,44,43" hai1="96,87,102,68,74,118,47,119,51,38,121,24,11" hai2="124,41,42,80,115,61,16,113,75,125,114,127,107" hai3="9,117,100,111,57,134,106,53,0,101,81,40,34"/><V135/><F107/><W25/><G117/><T85/><D116/><U20/><E74/><V133/><F16/><W1/><G134/><N who="2" m="51209" /><F61/><W23/><G34/><T112/><D112/><U86/><E68/><V91/><F91/><W88/><G40/><N who="2" m="15465" /><F80/><W45/><G45/><T27/><D27/><U90/><E38/><V130/><F75/><W4/><G1/><T17/><D17/><U19/><E86/><V66/><F66/><W108/><G106/><T46/><D46/><U50/><E11/><V56/><F56/><W14/><G0/><T128/><D128/><AGARI ba="0,0" hai="113,114,115,124,125,127,128,130" m="15465,51209" machi="128" ten="50,24000,3" yaku="30,2,28,2,18,1,20,1,34,2" doraHai="18" who="2" fromWho="0" sc="205,-240,229,0,325,240,241,0" owari="-35,-54.0,229,-17.0,565,67.0,241,4.0" /></mjloggm>