<mjloggm ver="2.3"><GO type="225" lobby="0"/><UN n0="%E4%BB%8A%E6%97%A5%E3%82%82%E6%99%B4%E5%A4%A9%E2%99%AA" n1="%E4%B8%89%E6%9D%A1%E7%9C%9F%E7%90%B4" n2="%45%6D%75%72%61%74%65%64" n3="%E7%AC%B9%E9%A4%85" dan="16,18,16,16" rate="2041.91,2290.07,2056.45,2125.50" sx="F,F,M,M"/><TAIKYOKU oya="0"/><INIT seed="0,0,0,3,4,131" ten="250,250,250,250" oya="0" hai0="135,123,134,82,112,36,34,25,22,70,8,92,119" hai1="100,24,41,71,79,69,67,5,29,105,87,51,55" hai2="104,107,13,113,44,85,103,7,75,38,78,86,68" hai3="39,49,91,72,95,109,2,20,30,1,96,124,94"/><T48/><D36/><U60/><E5/><V54/><F68/><W116/><G39/><T37/><D37/><U77/><E41/><V35/><F35/><W57/><G116/><T65/><D112/><U130/><E130/><V50/><F113/><W117/><G117/><T61/><D119/><U74/><E87/><V15/><F38/><W12/><G72/><T90/><D123/><U9/><E9/><V110/><F75/><W19/><G109/><T52/><D34/><N who="1" m="20775" /><E71/><V63/><F110/><W6/><G124/><T47/><D82/><U99/><E74/><V40/><F103/><W129/><G129/><T33/><D8/><U120/><E120/><V4/><F107/><W32/><G6/><N who="2" m="2089" /><F104/><W21/><G32/><T43/><D43/><U31/><E31/><V121/><F121/><W0/><G0/><T133/><D33/><U108/><E108/><V14/><F78/><W56/><G2/><T80/><D80/><U10/><E10/><V93/><F93/><W118/><G1/><T16/><REACH who="0" step="1"/><D135/><REACH who="0" ten="240,250,250,250" step="2"/><U125/><E125/><V11/><F11/><W98/><G118/><T64/><D64/><U127/><E127/><V62/><F40/><W58/><G49/><T53/><D53/><U132/><E132/><V28/><F28/><W84/><G30/><T26/><D26/><U66/><E66/><V81/><F81/><N who="3" m="49551" /><G21/><T59/><D59/><AGARI ba="0,1" hai="51,55,59,60,67,69,77,79,99,100,105" m="20775" machi="59" ten="30,1000,0" yaku="25,1" doraHai="131" who="1" fromWho="0" sc="240,-10,250,20,250,0,250,0" /><INIT seed="1,0,0,4,5,127" ten="230,270,250,250" oya="1" hai0="47,70,24,114,91,29,21,75,38,129,111,53,33" hai1="112,15,65,23,1,94,96,51,32,56,105,20,50" hai2="26,4,124,5,67,76,84,44,54,116,22,109,55" hai3="77,7,18,16,118,66,3,106,64,85,121,19,36"/><U14/><E1/><V43/><F116/><W79/><G118/><T125/><D114/><U6/><E32/><V108/><F124/><W78/><G121/><T42/><D125/><U87/><E105/><V48/><F67/><W49/><G36/><T98/><D75/><U58/><E87/><V2/><F2/><W31/><G106/><T10/><D70/><U90/><E112/><V0/><F0/><W107/><G107/><T132/><D111/><N who="2" m="42570" /><F76/><W28/><G85/><T25/><D132/><U117/><E117/><V63/><F84/><W131/><G131/><T11/><D129/><U97/><E65/><N who="3" m="25194" /><G3/><T27/><D53/><N who="2" m="19978" /><F63/><W46/><G7/><T39/><D39/><U41/><E6/><V104/><F104/><W102/><G102/><T86/><D98/><U81/><E90/><V71/><F71/><W8/><G8/><T80/><REACH who="0" step="1"/><D25/><REACH who="0" ten="220,270,250,250" step="2"/><U88/><E97/><V52/><F52/><AGARI ba="0,1" hai="16,18,19,28,31,46,49,52,77,78,79" m="25194" machi="52" ten="30,3900,0" yaku="8,1,54,2" doraHai="127" who="3" fromWho="2" sc="220,0,270,0,250,-39,250,49" /><INIT seed="2,0,0,3,2,42" ten="220,270,211,299" oya="2" hai0="24,75,78,85,55,104,37,23,101,114,45,89,16" hai1="83,132,72,122,79,112,26,80,76,18,124,90,35" hai2="121,128,11,96,111,77,110,44,98,70,131,81,92" hai3="115,93,62,39,34,71,57,40,51,49,103,12,15"/><V127/><F121/><W69/><G34/><T0/><D114/><U32/><E112/><V30/><F70/><W14/><G115/><T47/><D0/><U113/><E113/><V130/><F30/><W36/><G103/><T8/><D37/><U82/><E122/><V50/><F127/><W65/><G93/><N who="0" m="54447" /><D55/><U2/><E2/><V67/><F67/><W46/><G49/><T48/><D8/><U97/><E132/><V28/><F28/><W54/><REACH who="3" step="1"/><G39/><REACH who="3" ten="220,270,211,289" step="2"/><T106/><D48/><U64/><E32/><V107/><F107/><W135/><G135/><T68/><D106/><U118/><E35/><V116/><F116/><W43/><G43/><T3/><D104/><U119/><E118/><V53/><F11/><W7/><G7/><T4/><D101/><U9/><E119/><V29/><F29/><W31/><G31/><T58/><D4/><U86/><E9/><V13/><F13/><W123/><G123/><T125/><D125/><U105/><E105/><V74/><F92/><W73/><G73/><T63/><D3/><U134/><E72/><V100/><F100/><W109/><G109/><AGARI ba="0,1" hai="44,50,53,74,77,81,96,98,109,110,111,128,130,131" machi="109" ten="50,12000,1" yaku="14,1,10,1,19,1,52,1" doraHai="42" who="2" fromWho="3" sc="220,0,270,0,211,130,289,-120" /><INIT seed="2,1,0,1,4,34" ten="220,270,341,169" oya="2" hai0="36,32,61,15,119,50,43,112,107,2,45,39,95" hai1="60,115,25,128,118,93,8,9,109,110,74,134,75" hai2="130,80,6,20,46,38,0,67,105,125,79,40,88" hai3="65,57,7,70,85,78,62,16,51,24,120,69,124"/><V103/><F130/><W35/><G120/><T81/><D107/><U96/><E115/><V102/><F125/><W47/><G124/><T12/><D112/><U87/><E118/><V121/><F121/><W28/><G7/><T42/><D32/><U84/><E60/><V106/><F67/><W72/><G72/><N who="1" m="27690" /><E25/><V116/><F116/><W18/><G78/><T135/><D135/><U126/><E126/><V14/><F20/><W129/><G129/><T63/><D50/><U97/><E134/><V59/><F59/><W77/><G77/><T111/><D111/><U83/><E128/><V3/><F14/><W114/><G114/><T22/><D95/><U49/><E49/><V76/><F76/><W19/><REACH who="3" step="1"/><G85/><REACH who="3" ten="220,270,341,159" step="2"/><T131/><D119/><U122/><E84/><V91/><F6/><W41/><AGARI ba="1,1" hai="16,18,19,24,28,35,41,47,51,57,62,65,69,70" machi="41" ten="30,7900,0" yaku="1,1,2,1,0,1,54,1,53,0" doraHai="34" doraHaiUra="17" who="3" fromWho="3" sc="220,-21,270,-21,341,-40,159,92" /><INIT seed="3,0,0,1,5,35" ten="199,249,301,251" oya="3" hai0="13,102,125,9,73,10,100,49,96,66,18,134,19" hai1="132,43,121,113,126,92,91,111,90,106,50,118,99" hai2="63,82,128,44,32,46,4,109,104,21,34,84,81" hai3="42,51,62,72,56,133,110,2,33,5,114,28,86"/><W27/><G114/><T88/><D134/><U131/><E121/><V15/><F104/><W117/><G133/><T30/><D125/><U47/><E106/><V20/><F128/><W31/><G117/><T67/><D73/><U122/><E122/><V23/><F109/><W103/><G72/><T80/><D30/><U70/><E70/><V79/><F63/><W58/><G110/><T130/><D130/><U129/><E113/><V60/><F60/><W25/><G103/><T54/><D19/><U98/><E111/><V83/><F34/><W0/><G5/><T74/><D9/><U97/><E126/><V116/><F32/><W38/><G38/><T101/><D74/><U45/><E118/><V29/><F29/><W87/><G51/><T61/><D61/><U48/><E132/><V14/><F116/><W78/><G42/><T115/><D115/><U108/><E108/><V55/><F44/><W85/><G78/><T59/><REACH who="0" step="1"/><D96/><REACH who="0" ten="189,249,301,251" step="2"/><N who="1" m="57375" /><E131/><V6/><F6/><W127/><G127/><T7/><D7/><U89/><E129/><V24/><F4/><W65/><G62/><T39/><D39/><U53/><AGARI ba="0,1" hai="43,45,47,48,50,53,89,90,97,98,99" m="57375" machi="53" ten="30,1100,0" yaku="8,1" doraHai="35" who="1" fromWho="1" sc="189,-3,249,21,301,-3,251,-5" /><INIT seed="4,0,0,3,3,97" ten="186,270,298,246" oya="0" hai0="55,43,15,39,21,98,62,32,63,115,8,72,121" hai1="127,66,64,11,59,88,102,34,81,19,56,20,25" hai2="74,123,30,44,122,100,85,54,6,129,79,48,37" hai3="117,99,125,2,58,73,92,93,38,14,82,80,111"/><T103/><D121/><U69/><E34/><V29/><F6/><W84/><G2/><T105/><D32/><U124/><E69/><V9/><F9/><W35/><G35/><T133/><D72/><U128/><E128/><V107/><F129/><W31/><G38/><T5/><D115/><U24/><E11/><V131/><F131/><W46/><G31/><T68/><D133/><U119/><E81/><V77/><F74/><W3/><G3/><T41/><D68/><U57/><E88/><V112/><F112/><W94/><G46/><T61/><D55/><U106/><E119/><V51/><F37/><W101/><G117/><T40/><REACH who="0" step="1"/><D21/><REACH who="0" ten="176,270,298,246" step="2"/><U134/><E134/><V33/><F123/><W86/><G73/><T16/><D16/><U76/><E19/><V50/><F122/><W1/><G1/><T28/><D28/><U52/><E20/><V118/><F118/><W0/><G0/><T90/><D90/><U10/><E52/><V4/><F33/><W91/><G111/><T96/><D96/><U78/><E78/><V114/><F114/><W42/><G42/><T22/><D22/><U89/><E76/><V70/><F70/><W60/><G125/><T95/><D95/><U104/><E89/><V87/><F29/><W126/><G126/><T45/><AGARI ba="0,1" hai="5,8,15,39,40,41,43,45,61,62,63,98,103,105" machi="45" ten="30,6000,0" yaku="1,1,0,1,52,1,53,0" doraHai="97" doraHaiUra="53" who="0" fromWho="0" sc="176,70,270,-20,298,-20,246,-20" /><INIT seed="4,1,0,3,1,39" ten="246,250,278,226" oya="0" hai0="94,7,63,81,126,30,12,124,113,82,116,57,105" hai1="24,13,89,35,103,92,68,104,119,114,100,106,10" hai2="95,43,55,98,4,64,23,46,133,61,22,107,50" hai3="38,78,130,9,134,111,31,5,41,87,75,54,93"/><T128/><D105/><U85/><E68/><V99/><F4/><W15/><G111/><T17/><D116/><U8/><E119/><V52/><F133/><W102/><G134/><T32/><D113/><U25/><E85/><V27/><F107/><W51/><G130/><T71/><D71/><U26/><E92/><V53/><F27/><W65/><G65/><T6/><D30/><U115/><E26/><V74/><F74/><W91/><G31/><T129/><D94/><U62/><E62/><V1/><F1/><W37/><G102/><T83/><D32/><U110/><E13/><V45/><F45/><W18/><G5/><N who="0" m="1547" /><D17/><U118/><E118/><V73/><F73/><W3/><G3/><T11/><D11/><U101/><E101/><N who="2" m="60639" /><F99/><W70/><G70/><T36/><D12/><U16/><E35/><V90/><F90/><W96/><G75/><T97/><D97/><U48/><E89/><V72/><F72/><W2/><G2/><T0/><D36/><U135/><E135/><V125/><F125/><N who="0" m="48234" /><D0/><U76/><E115/><V60/><F60/><W80/><REACH who="3" step="1"/><G54/><AGARI ba="1,0" hai="54,57,63,81,82,83,128,129" m="48234,1547" machi="54" ten="40,2000,0" yaku="18,1" doraHai="39" who="0" fromWho="3" sc="246,23,250,0,278,0,226,-23" /><INIT seed="4,2,0,4,4,82" ten="269,250,278,203" oya="0" hai0="134,68,129,121,74,0,99,84,111,85,35,40,124" hai1="109,105,11,103,81,93,21,20,130,126,10,94,6" hai2="104,27,135,12,34,66,86,118,76,69,77,83,24" hai3="64,128,32,72,101,16,42,116,91,90,3,114,107"/><T123/><RYUUKYOKU type="yao9" ba="2,0" sc="269,0,250,0,278,0,203,0" hai0="0,35,40,68,74,84,85,99,111,121,123,124,129,134" /><INIT seed="4,3,0,4,3,28" ten="269,250,278,203" oya="0" hai0="47,84,13,44,38,51,103,122,9,86,40,8,36" hai1="109,4,115,6,22,77,2,129,81,16,41,25,0" hai2="33,132,49,123,64,35,29,34,88,74,128,43,57" hai3="131,46,105,121,101,78,67,73,112,37,97,82,23"/><T130/><D122/><U80/><E109/><V68/><F123/><W58/><G121/><T125/><D130/><U71/><E71/><V127/><F74/><W24/><G131/><T1/><D125/><U89/><E129/><V100/><F128/><W18/><G112/><T95/><D1/><U55/><E41/><V98/><F127/><W39/><REACH who="3" step="1"/><G46/><REACH who="3" ten="269,250,278,193" step="2"/><T117/><D44/><U102/><E115/><V50/><F132/><W85/><G85/><T110/><D84/><U31/><E0/><V83/><F43/><W15/><G15/><T7/><D86/><U45/><E2/><V59/><F83/><W126/><G126/><T70/><D13/><U53/><E45/><V21/><F68/><W54/><G54/><T52/><D52/><U120/><E53/><V90/><F59/><W104/><G104/><T134/><D70/><U48/><E120/><V17/><F57/><W11/><G11/><T32/><D9/><U30/><E81/><V96/><F64/><W107/><G107/><T56/><D56/><U63/><E80/><V116/><F116/><W124/><G124/><T14/><D117/><U69/><E55/><V3/><F3/><W10/><G10/><T42/><D40/><U119/><E69/><V118/><F118/><W19/><G19/><T108/><D134/><U12/><E16/><V111/><F17/><W61/><AGARI ba="3,1" hai="18,23,24,37,39,58,61,67,73,78,82,97,101,105" machi="61" ten="30,2000,0" yaku="1,1,0,1,53,0" doraHai="28" doraHaiUra="65" who="3" fromWho="3" sc="269,-13,250,-8,278,-8,193,39" /><INIT seed="5,0,0,1,1,59" ten="256,242,270,232" oya="1" hai0="119,58,106,41,110,5,22,54,46,31,74,56,63" hai1="51,30,34,104,78,122,32,21,116,19,0,28,39" hai2="55,20,88,17,86,57,128,79,112,111,9,35,133" hai3="107,48,73,12,10,65,81,50,105,95,90,62,115"/><U135/><E39/><V109/><F35/><W94/><G115/><T82/><D110/><U67/><E104/><V53/><F112/><W76/><G107/><T75/><D106/><U2/><E78/><V85/><F128/><W14/><G105/><T25/><D119/><U98/><E98/><V103/><F103/><W61/><G14/><T23/><D5/><U18/><E51/><V124/><F124/><W127/><G127/><T70/><D70/><U125/><E67/><V11/><F133/><W120/><G120/><T42/><D42/><U7/><E125/><V117/><F117/><W92/><G90/><T129/><D129/><U45/><E45/><V123/><F123/><W27/><G27/><T60/><D23/><U113/><E116/><V4/><F55/><W3/><G3/><T97/><D97/><U132/><E122/><V43/><F43/><W68/><REACH who="3" step="1"/><G62/><REACH who="3" ten="256,242,270,222" step="2"/><T36/><D82/><U100/><E100/><V87/><F111/><W93/><N who="3" m="23552" /><DORA hai="66" /><W40/><G40/><T47/><D60/><U91/><E91/><V52/><F109/><W37/><G37/><T8/><D8/><U102/><E102/><V96/><F11/><W64/><G64/><T130/><D130/><U121/><E121/><V83/><F88/><W108/><G108/><T71/><D63/><U69/><E113/><V29/><F9/><W89/><G89/><T6/><D41/><U33/><E0/><V134/><F96/><W118/><G118/><T49/><D36/><U77/><E2/><V1/><F1/><W24/><G24/><T126/><D126/><U84/><E135/><RYUUKYOKU ba="0,1" sc="256,-10,242,-10,270,-10,222,30" hai3="10,12,48,50,61,65,68,73,76,81" /><INIT seed="6,1,1,5,2,0" ten="246,232,260,252" oya="2" hai0="114,25,43,8,95,97,103,77,44,116,26,4,30" hai1="83,112,61,35,17,135,29,54,113,36,122,80,128" hai2="118,31,9,3,7,33,87,66,94,28,126,74,37" hai3="24,131,71,13,16,63,132,130,62,27,127,81,79"/><V48/><F118/><W102/><G102/><T50/><D114/><N who="1" m="44139" /><E36/><V56/><F37/><W12/><G132/><T70/><D70/><U111/><E135/><V72/><F126/><W65/><G63/><T32/><D116/><U84/><E111/><V59/><F72/><W1/><G1/><T5/><D8/><U99/><E128/><N who="3" m="49194" /><G127/><T41/><D41/><U78/><E122/><V115/><F74/><N who="3" m="43255" /><G13/><T47/><D47/><U68/><E99/><V133/><F133/><W14/><G12/><T100/><D77/><N who="1" m="46191" /><E17/><V123/><F123/><W52/><G52/><T51/><D51/><U23/><E35/><V110/><F115/><W2/><G2/><T98/><REACH who="0" step="1"/><D26/><REACH who="0" ten="236,232,260,252" step="2"/><N who="1" m="16607" /><E68/><V121/><F121/><W93/><G71/><T129/><D129/><U53/><E61/><V55/><F110/><W91/><G62/><T101/><D101/><U22/><E22/><V60/><F33/><W90/><G27/><T89/><D89/><U92/><E92/><AGARI ba="1,2" hai="4,5,25,30,32,43,44,50,92,95,97,98,100,103" machi="92" ten="30,8000,1" yaku="1,1,7,1,9,1,52,2,53,0" doraHai="0" doraHaiUra="67" who="0" fromWho="1" sc="236,103,232,-83,260,0,252,0" owari="339,44.0,149,-35.0,260,6.0,252,-15.0" /></mjloggm>