<mjloggm ver="2.3"><GO type="169" lobby="0"/><UN n0="%E3%83%AA%E3%83%83%E3%83%97%E3%83%AB%E3%83%A9%E3%83%83%E3%83%97%E3%83%AB" n1="%E3%81%A1%E3%82%83%E3%81%93%E3%81%93" n2="%E3%81%95%E3%82%80%E3%82%89%E3%81%8B%E3%82%8F%E3%81%A1%E3%81%AE%E7%A5%9E" n3="%7A%6B%75%72%74" dan="16,16,17,16" rate="2116.83,2138.14,2193.40,2169.97" sx="F,F,M,M"/><TAIKYOKU oya="0"/><INIT seed="0,0,0,0,0,25" ten="250,250,250,250" oya="0" hai0="131,43,91,134,44,130,54,42,6,15,27,59,74" hai1="67,110,100,125,18,101,40,50,84,55,98,31,30" hai2="0,16,89,32,37,58,123,23,2,21,33,129,62" hai3="3,60,71,12,133,26,14,10,103,11,68,46,88"/><T63/><D74/><U69/><E110/><V4/><F37/><W111/><G111/><T99/><D134/><U34/><E125/><V73/><F73/><W61/><G133/><T56/><D56/><U20/><E34/><N who="2" m="13419" /><F89/><W79/><G103/><N who="1" m="39498" /><E67/><V51/><F51/><W122/><G3/><N who="2" m="1065" /><F58/><W57/><G46/><T114/><D27/><N who="1" m="14743" /><E69/><V97/><F62/><W93/><G79/><T105/><D114/><U109/><E109/><V121/><F97/><W87/><G122/><N who="2" m="46601" /><F129/><W81/><G71/><T9/><D105/><U77/><E98/><V48/><F48/><W35/><G68/><T49/><D99/><U75/><E40/><V107/><F107/><W5/><G81/><T95/><D95/><U112/><E112/><V66/><F66/><W45/><G45/><T90/><D43/><U52/><E75/><V8/><F4/><W135/><G135/><T72/><D72/><U106/><E106/><V39/><F39/><W104/><G104/><T102/><D102/><U64/><E64/><V41/><F41/><W128/><G128/><AGARI ba="0,0" hai="6,9,15,42,44,49,54,59,63,90,91,128,130,131" machi="128" ten="40,2000,0" yaku="19,1" doraHai="25" who="0" fromWho="3" sc="250,20,250,0,250,0,250,-20" /><INIT seed="0,1,0,4,1,115" ten="270,250,250,230" oya="0" hai0="118,1,41,89,51,81,21,19,96,74,129,59,123" hai1="54,37,121,57,95,130,72,116,40,87,112,92,119" hai2="36,25,34,23,35,10,126,79,8,101,65,133,2" hai3="105,7,127,82,110,135,44,66,32,17,56,64,30"/><T113/><D113/><U26/><E121/><V102/><F36/><W109/><G105/><T15/><D123/><U91/><E112/><V61/><F133/><W80/><G135/><T77/><D1/><U62/><E72/><V47/><F126/><W131/><G127/><T53/><D129/><U14/><E130/><V28/><F79/><W63/><G131/><T46/><D89/><U27/><E92/><V29/><F47/><W71/><G7/><T117/><REACH who="0" step="1"/><D96/><REACH who="0" ten="260,250,250,230" step="2"/><U6/><E37/><AGARI ba="1,1" hai="15,19,21,37,41,46,51,53,59,74,77,81,117,118" machi="37" ten="30,12000,1" yaku="1,1,2,1,7,1,52,2,53,0" doraHai="115" doraHaiUra="86" who="0" fromWho="1" sc="260,133,250,-123,250,0,230,0" /><INIT seed="0,2,0,5,2,89" ten="393,127,250,230" oya="0" hai0="72,100,45,87,129,115,17,73,82,6,25,53,54" hai1="3,112,108,18,66,14,103,52,135,133,134,35,16" hai2="0,41,46,126,1,47,10,48,9,68,8,42,2" hai3="120,99,43,76,51,27,93,7,64,15,116,118,29"/><T33/><D115/><U119/><E119/><V13/><F68/><W21/><G120/><T57/><D6/><U11/><E112/><V97/><F126/><W102/><G76/><T101/><D129/><U107/><E66/><V65/><F65/><W125/><G125/><T109/><D109/><U132/><N who="1" m="34304" /><DORA hai="20" /><U30/><E108/><V79/><F79/><W80/><G80/><T59/><D45/><U124/><E124/><V60/><F60/><W127/><G127/><T28/><D17/><U78/><E78/><V96/><F13/><W77/><G77/><T95/><D82/><U122/><E122/><V131/><F131/><W86/><G86/><T90/><D57/><U106/><E103/><V88/><F88/><W55/><G43/><T56/><D59/><U92/><E3/><V111/><F111/><W63/><G15/><T23/><D33/><U4/><E92/><V114/><REACH who="2" step="1"/><F114/><REACH who="2" ten="393,127,240,230" step="2"/><W31/><G63/><T61/><REACH who="0" step="1"/><D53/><REACH who="0" ten="383,127,240,230" step="2"/><U74/><E52/><V58/><F58/><W32/><G64/><T24/><D24/><N who="1" m="18887" /><E74/><AGARI ba="2,2" hai="23,25,28,54,56,61,72,73,74,87,90,95,100,101" machi="74" ten="40,12000,1" yaku="1,1,52,2,53,1" doraHai="89,20" doraHaiUra="123,19" who="0" fromWho="1" sc="383,146,127,-126,240,0,230,0" /><INIT seed="0,3,0,4,3,4" ten="529,1,240,230" oya="0" hai0="31,96,90,78,84,121,82,48,66,55,44,54,74" hai1="107,53,47,95,26,59,45,111,73,110,24,116,81" hai2="101,5,7,93,12,72,70,105,99,134,98,89,88" hai3="57,17,20,50,86,69,33,51,129,11,115,8,124"/><T112/><D112/><U25/><E116/><V30/><F70/><W10/><G115/><T23/><D121/><U35/><E107/><V0/><F0/><W102/><G69/><T119/><D66/><U16/><E35/><V120/><F120/><W114/><G114/><T80/><D96/><U132/><E132/><V100/><F30/><W94/><G33/><T37/><D37/><U49/><E95/><V113/><F113/><W6/><G129/><T9/><D119/><U41/><E73/><V135/><F72/><W75/><G75/><T63/><D23/><N who="1" m="13415" /><E81/><V43/><F43/><W28/><G124/><T122/><D82/><U1/><E1/><V103/><F12/><N who="3" m="9255" /><G28/><T79/><D74/><U91/><E91/><N who="2" m="34891" /><F103/><W61/><G6/><T76/><D122/><U117/><E117/><V133/><AGARI ba="3,0" hai="5,7,93,98,99,100,101,105,133,134,135" m="34891" machi="133" ten="40,2700,0" yaku="20,1,54,1" doraHai="4" who="2" fromWho="2" sc="529,-16,1,-10,240,36,230,-10" owari="513,61.0,-9,-51.0,276,8.0,220,-18.0" /></mjloggm>