<mjloggm ver="2.3"><GO type="185" lobby="0"/><UN n0="%E2%98%86%E3%83%97%E3%83%A9%E3%83%81%E3%83%8A" n1="%E3%83%A1%E3%83%AB%E3%83%88%E3%83%AA%E3%83%AA%E3%82%B9" n2="%6D%69%74%75%6F%32%30%32" n3="" dan="16,16,16,0" rate="2203.81,2195.99,2134.15,1500.00" sx="M,F,M,C"/><TAIKYOKU oya="0"/><INIT seed="0,0,0,1,0,110" ten="350,350,350,0" oya="0" hai0="1,123,48,127,82,94,130,0,3,124,128,65,41" hai1="106,54,96,74,75,68,33,107,102,67,72,35,78" hai2="120,83,63,44,114,71,34,60,132,49,45,59,85" hai3=""/><T91/><BYE who="1" /><N who="0" m="31520" /><T86/><D65/><U80/><E80/><V98/><N who="2" m="30752" /><V47/><F34/><UN n1="%E3%83%A1%E3%83%AB%E3%83%88%E3%83%AA%E3%83%AA%E3%82%B9" /><T36/><D36/><U70/><E67/><V37/><F132/><T121/><N who="0" m="31008" /><T105/><D105/><N who="1" m="39947" /><E78/><V129/><F129/><N who="0" m="49770" /><D41/><U42/><E54/><V77/><F114/><T113/><D113/><U81/><E81/><V64/><F98/><T76/><D48/><U118/><E96/><AGARI ba="0,0" hai="0,1,3,76,82,86,91,94,96,124,127" m="49770,31008,31520" machi="96" ten="40,7700,0" yaku="19,1,52,2" doraHai="110" who="0" fromWho="1" sc="350,77,350,-77,350,0,0,0" /><INIT seed="0,1,0,2,1,118" ten="427,273,350,0" oya="0" hai0="115,106,135,56,83,111,77,105,88,129,107,101,49" hai1="52,95,65,45,109,69,75,93,73,42,2,58,89" hai2="131,80,130,61,82,37,60,38,41,48,79,123,67" hai3=""/><T125/><D115/><U40/><E109/><V132/><N who="2" m="31520" /><V86/><F132/><T1/><D1/><U128/><E2/><V64/><F48/><T72/><D135/><U71/><E128/><N who="2" m="49195" /><F41/><T3/><D3/><U92/><E40/><V85/><F64/><T104/><D111/><U53/><E89/><V117/><F117/><T116/><D116/><U34/><E34/><V62/><F67/><T50/><D129/><U91/><E91/><AGARI ba="1,0" hai="37,38,60,61,62,79,80,82,85,86,91" m="49195,31520" machi="91" ten="30,3900,0" yaku="19,1,52,2" doraHai="118" who="2" fromWho="1" sc="427,0,273,-41,350,41,0,0" /><INIT seed="1,0,0,1,4,83" ten="427,232,391,0" oya="1" hai0="71,133,54,90,50,86,39,63,108,95,75,64,37" hai1="104,32,134,59,70,49,91,55,84,93,73,72,38" hai2="67,78,42,125,65,51,57,53,61,101,112,115,44" hai3=""/><U80/><E32/><V94/><F101/><T99/><D108/><U114/><E114/><N who="2" m="43563" /><F78/><T2/><D75/><U40/><E70/><V79/><F79/><T124/><D133/><U45/><E104/><V68/><F94/><T111/><D124/><U56/><E134/><V92/><F92/><T3/><D111/><U52/><REACH who="1" step="1"/><E93/><REACH who="1" ten="427,222,391,0" step="2"/><V105/><F105/><T98/><D2/><U89/><E89/><V69/><F125/><T46/><REACH who="0" step="1"/><D3/><REACH who="0" ten="417,222,391,0" step="2"/><U81/><E81/><V113/><F113/><T129/><D129/><U41/><E41/><V97/><F69/><T0/><D0/><U76/><E76/><V87/><F68/><T1/><D1/><U62/><AGARI ba="0,2" hai="38,40,45,49,52,55,56,59,62,72,73,80,84,91" machi="62" ten="20,8000,1" yaku="1,1,0,1,7,1,52,1,54,1,53,0" doraHai="83" doraHaiUra="110" who="1" fromWho="1" sc="417,-40,222,100,391,-40,0,0" /><INIT seed="1,1,0,3,1,40" ten="377,322,351,0" oya="1" hai0="71,55,87,2,50,134,58,39,110,52,72,119,60" hai1="91,114,73,117,88,76,112,47,97,1,57,128,94" hai2="68,70,83,65,42,75,48,131,85,135,74,0,124" hai3=""/><U64/><E1/><V96/><F0/><T101/><D2/><U111/><E117/><V133/><F96/><T78/><D72/><U80/><E128/><V90/><F131/><T98/><D119/><U123/><N who="1" m="31520" /><U86/><E111/><V41/><F124/><T56/><D110/><U38/><E64/><V108/><F108/><T89/><D78/><U54/><E38/><V46/><F41/><T109/><D109/><U107/><E47/><V66/><F65/><T84/><D39/><U33/><E33/><V35/><F35/><T61/><D134/><N who="2" m="51210" /><F66/><T122/><N who="0" m="31264" /><T125/><D125/><U53/><E53/><V102/><F102/><T67/><REACH who="0" step="1"/><D89/><REACH who="0" ten="367,322,351,0" step="2"/><U36/><E36/><V121/><N who="2" m="31008" /><V79/><F74/><T77/><D77/><U51/><REACH who="1" step="1"/><E107/><AGARI ba="1,1" hai="50,52,55,56,58,60,61,67,71,84,87,98,101,107" m="31264" machi="107" ten="30,7700,0" yaku="1,1,7,1,52,1,54,1,53,0" doraHai="40" doraHaiUra="120" who="0" fromWho="1" sc="367,89,322,-79,351,0,0,0" /><INIT seed="2,0,0,4,3,78" ten="456,243,351,0" oya="2" hai0="60,104,57,71,109,128,115,131,120,87,58,80,91" hai1="76,103,33,84,98,111,133,114,68,101,132,110,0" hai2="130,123,112,94,34,43,96,56,53,73,127,90,124" hai3=""/><V97/><N who="2" m="31520" /><V41/><F34/><T52/><N who="0" m="30752" /><T83/><D104/><U47/><E68/><V50/><F112/><T79/><D115/><U44/><E33/><V92/><F73/><T69/><D109/><N who="1" m="41483" /><E47/><V1/><F1/><T116/><D116/><U2/><E44/><V81/><F130/><N who="0" m="49706" /><D58/><U75/><E114/><V36/><F81/><T99/><D99/><U113/><E113/><V49/><F36/><T86/><AGARI ba="0,0" hai="52,57,60,69,71,79,80,83,86,87,91" m="49706,30752" machi="86" ten="30,6000,1" yaku="19,1,52,3,54,1" doraHai="78" who="0" fromWho="0" sc="456,60,243,-20,351,-40,0,0" /><INIT seed="4,0,0,5,2,134" ten="516,223,311,0" oya="0" hai0="99,48,101,95,1,43,102,80,44,32,38,128,57" hai1="111,77,0,61,40,46,107,119,86,118,108,75,91" hai2="72,124,54,106,64,37,114,112,34,123,59,87,85" hai3=""/><T120/><N who="0" m="30752" /><T104/><D128/><U56/><E0/><V81/><N who="2" m="31520" /><V79/><F34/><T73/><D32/><U58/><E107/><V92/><F106/><T130/><D130/><U63/><E77/><V33/><F33/><T76/><D1/><U39/><E75/><V52/><F37/><T83/><D104/><U70/><E91/><V113/><F92/><T55/><REACH who="0" step="1"/><D83/><REACH who="0" ten="506,223,311,0" step="2"/><U41/><E86/><N who="2" m="32779" /><F124/><T116/><D116/><U67/><E41/><V133/><F133/><T96/><D96/><U98/><E98/><V109/><F109/><T131/><D131/><U62/><E119/><V90/><F90/><AGARI ba="0,1" hai="38,43,44,48,55,57,73,76,80,90,95,99,101,102" m="30752" machi="90" ten="30,11600,0" yaku="1,1,7,1,52,1,53,1" doraHai="134" doraHaiUra="94" who="0" fromWho="2" sc="506,126,223,0,311,-116,0,0" /><INIT seed="4,1,0,2,3,56" ten="632,223,195,0" oya="0" hai0="98,40,61,114,108,131,122,81,58,113,67,77,71" hai1="60,112,36,32,51,62,33,65,117,42,49,119,96" hai2="55,63,103,110,73,104,75,43,82,120,90,3,123" hai3=""/><T1/><N who="0" m="31264" /><T57/><D1/><U102/><E36/><V126/><N who="2" m="30752" /><V99/><N who="2" m="31520" /><V66/><F3/><T129/><D40/><U89/><E89/><V70/><F110/><T54/><D98/><U45/><E112/><N who="0" m="43113" /><D108/><U93/><E49/><V105/><F105/><T101/><D101/><U124/><E124/><V130/><F126/><T79/><D79/><U84/><E84/><V111/><F111/><T53/><D58/><U92/><E92/><V132/><F43/><T97/><D97/><U127/><E127/><V107/><F107/><T76/><D76/><U59/><E119/><V78/><F90/><T50/><D53/><U134/><E117/><V46/><F75/><AGARI ba="1,0" hai="50,54,57,61,67,71,75,77,81,129,131" m="43113,31264" machi="75" ten="30,5800,0" yaku="15,1,52,2" doraHai="56" who="0" fromWho="2" sc="632,60,223,0,195,-60,0,0" /><INIT seed="4,2,0,3,1,45" ten="692,223,135,0" oya="0" hai0="59,57,111,90,35,69,47,73,118,68,131,74,104" hai1="64,107,96,70,71,78,134,133,108,81,105,82,128" hai2="67,91,114,124,3,110,127,93,92,63,65,106,101" hai3=""/><T38/><D118/><U79/><E64/><V119/><F110/><T84/><D35/><U77/><E108/><V50/><F3/><T33/><D33/><U53/><E53/><V125/><F67/><T129/><D104/><U109/><E109/><V60/><F119/><T46/><D111/><U2/><E2/><V121/><N who="2" m="31008" /><V37/><F37/><T135/><D135/><U58/><E58/><V51/><F106/><N who="1" m="40457" /><E96/><V94/><F101/><T40/><D57/><U89/><E89/><V44/><F91/><T0/><D0/><U99/><E99/><V41/><F65/><T116/><D116/><U39/><E39/><V56/><F114/><T49/><D59/><U62/><E62/><V32/><F32/><T61/><D61/><U80/><E128/><N who="0" m="49225" /><D69/><AGARI ba="2,0" hai="69,70,71,77,78,79,80,81,82,133,134" m="40457" machi="69" ten="40,2600,0" yaku="28,2" doraHai="45" who="1" fromWho="0" sc="692,-30,223,30,135,0,0,0" /><INIT seed="5,0,0,5,3,72" ten="662,253,135,0" oya="1" hai0="87,64,48,96,88,2,44,133,76,112,60,68,47" hai1="3,94,35,55,110,134,69,115,73,130,117,53,43" hai2="33,126,84,75,95,92,51,70,1,42,102,129,49" hai3=""/><U61/><RYUUKYOKU type="yao9" ba="0,0" sc="662,0,253,0,135,0,0,0" hai1="3,35,43,53,55,61,69,73,94,110,115,117,130,134" /><INIT seed="5,1,0,4,5,95" ten="662,253,135,0" oya="1" hai0="0,121,47,74,100,51,33,130,80,109,113,99,45" hai1="118,119,66,60,1,79,77,39,58,81,68,131,90" hai2="129,78,71,54,32,107,38,64,43,120,89,124,40" hai3=""/><U69/><E1/><V88/><N who="2" m="30752" /><V83/><F32/><T36/><N who="0" m="31008" /><T34/><D109/><U37/><E90/><V117/><F117/><T111/><D111/><U86/><E131/><V110/><F110/><T53/><D130/><U122/><N who="1" m="31264" /><U104/><E104/><V3/><F3/><T128/><D128/><U98/><E98/><V62/><F129/><T44/><D0/><U105/><E105/><V82/><F124/><T41/><D47/><U123/><N who="1" m="31520" /><U67/><E58/><V115/><F107/><T50/><D34/><U101/><E101/><V91/><F82/><T102/><D102/><U93/><E93/><V126/><F126/><T48/><D33/><U2/><E2/><V76/><F76/><T134/><D99/><U97/><E97/><V42/><F54/><T103/><D53/><U132/><E132/><V96/><F115/><T56/><D113/><U52/><E52/><V114/><F114/><T75/><D134/><U116/><E79/><V133/><F133/><T73/><D100/><U127/><E127/><V65/><F65/><T106/><D103/><U46/><E46/><V87/><F96/><T35/><D45/><U59/><E67/><V61/><F38/><T49/><D36/><RYUUKYOKU ba="1,0" sc="662,-20,253,10,135,10,0,0" hai1="37,39,59,60,66,68,69,77,81,86,116,118,119" hai2="40,42,43,61,62,64,71,78,83,87,88,89,91" /><INIT seed="5,2,0,4,5,105" ten="642,263,145,0" oya="1" hai0="87,56,40,91,45,122,106,119,96,49,53,132,125" hai1="94,129,124,51,110,68,65,115,117,131,86,107,70" hai2="38,133,67,33,92,109,85,135,77,44,35,121,76" hai3=""/><U100/><E115/><V93/><N who="2" m="31008" /><V126/><F109/><T50/><N who="0" m="31264" /><T113/><D113/><U74/><E117/><V60/><F38/><T73/><D125/><U78/><E124/><V3/><F44/><T66/><D132/><N who="2" m="50762" /><F3/><T32/><D73/><U41/><E107/><V127/><F77/><T0/><D0/><U111/><E74/><V98/><F127/><T2/><D2/><U59/><E78/><V114/><F126/><T63/><D119/><U108/><E86/><V71/><F114/><T42/><D32/><N who="2" m="12362" /><F98/><T72/><D72/><U123/><N who="1" m="31520" /><U88/><E100/><V37/><F37/><T64/><D96/><U81/><E81/><AGARI ba="2,0" hai="60,67,71,76,81,85,92,93" m="12362,50762,31008" machi="81" ten="30,2000,0" yaku="20,1,52,1" doraHai="105" who="2" fromWho="1" sc="642,0,263,-24,145,24,0,0" /><INIT seed="6,0,0,2,4,52" ten="642,239,169,0" oya="2" hai0="93,32,118,83,43,66,51,105,72,50,92,56,89" hai1="73,46,115,127,129,85,108,2,1,86,125,106,55" hai2="94,107,124,82,67,53,3,61,60,37,119,100,49" hai3=""/><V64/><F3/><N who="1" m="1033" /><E108/><V44/><F119/><T121/><N who="0" m="31008" /><T130/><D130/><U103/><E73/><V84/><F107/><T90/><D105/><U74/><E74/><V79/><F37/><T117/><D32/><U120/><N who="1" m="30752" /><U33/><E33/><V135/><F135/><T69/><D69/><U36/><E129/><V47/><F47/><T95/><D117/><U58/><E115/><V110/><F110/><T109/><D109/><U104/><E86/><V48/><F48/><T65/><D118/><U111/><E85/><V102/><F124/><N who="1" m="47689" /><E111/><V71/><REACH who="2" step="1"/><F94/><REACH who="2" ten="642,239,159,0" step="2"/><T126/><D51/><U134/><E134/><V113/><F113/><T101/><D126/><U78/><E36/><V132/><F132/><T80/><D93/><U63/><E46/><V41/><F41/><T112/><D43/><U131/><E131/><V35/><F35/><T68/><D50/><U70/><E106/><V62/><F62/><T45/><D45/><U54/><E104/><V42/><F42/><T0/><D112/><U133/><E133/><V59/><AGARI ba="0,1" hai="44,49,53,59,60,61,64,67,71,79,82,84,100,102" machi="59" ten="20,8000,1" yaku="1,1,0,1,7,1,52,1,53,1" doraHai="52" doraHaiUra="77" who="2" fromWho="2" sc="642,-40,239,-40,159,90,0,0" /><INIT seed="6,1,0,5,2,115" ten="602,199,249,0" oya="2" hai0="120,129,82,43,123,62,132,76,56,116,118,131,65" hai1="61,83,100,68,97,70,103,80,57,87,134,60,104" hai2="0,58,35,50,113,133,92,90,44,102,93,46,119" hai3=""/><V73/><F0/><T2/><D2/><U78/><E134/><V67/><F35/><T75/><D43/><U117/><E117/><N who="0" m="45161" /><D132/><U55/><E100/><V130/><F119/><T127/><D127/><U51/><E60/><V95/><F73/><T59/><D59/><U91/><E61/><V74/><F74/><T38/><D38/><U40/><E40/><V64/><F133/><T71/><D56/><U128/><E128/><AGARI ba="1,0" hai="62,65,71,75,76,82,120,123,128,129,131" m="45161" machi="128" ten="30,8000,1" yaku="19,1,23,1,52,3" doraHai="115" who="0" fromWho="1" sc="602,82,199,-82,249,0,0,0" owari="684,63.0,117,-48.0,249,-15.0,0,0.0" /></mjloggm>