<mjloggm ver="2.3"><GO type="185" lobby="0"/><UN n0="%4B%69%72%63%68%65" n1="%E6%9C%9D%E7%AB%8B%E3%81%A1%E5%93%B2%E4%B9%9F" n2="%E5%8C%97%E5%B2%A1%E3%81%BE%E3%81%A4%E3%81%9F%E3%81%91" n3="" dan="17,16,16,0" rate="2277.41,2182.40,2252.44,1500.00" sx="M,M,F,C"/><TAIKYOKU oya="0"/><INIT seed="0,0,0,5,2,101" ten="350,350,350,0" oya="0" hai0="64,105,108,77,1,45,93,110,58,38,130,115,129" hai1="114,70,81,84,82,51,122,39,0,128,134,124,62" hai2="113,42,91,83,126,32,125,68,95,48,49,59,69" hai3=""/><T75/><D1/><U73/><RYUUKYOKU type="yao9" ba="0,0" sc="350,0,350,0,350,0,0,0" hai1="0,39,51,62,70,73,81,82,84,114,122,124,128,134" /><INIT seed="0,1,0,4,3,131" ten="350,350,350,0" oya="0" hai0="64,101,54,92,115,74,109,71,102,127,85,60,128" hai1="125,88,86,55,69,73,42,94,106,53,45,110,93" hai2="39,118,32,62,3,75,82,126,51,103,76,77,43" hai3=""/><T135/><D74/><U61/><E106/><V117/><F3/><T57/><D115/><U123/><N who="1" m="31520" /><U100/><E73/><V70/><F32/><T89/><D128/><U56/><E110/><V52/><F43/><T124/><D109/><U1/><E1/><V132/><F39/><T120/><N who="0" m="30752" /><T33/><D33/><U91/><E125/><N who="0" m="48201" /><D135/><U134/><E100/><V34/><F34/><T65/><D65/><U87/><E69/><V81/><F126/><T46/><D46/><U108/><E108/><V79/><F103/><T78/><D78/><U58/><E134/><V98/><F98/><T112/><D112/><U59/><E55/><V107/><F107/><T121/><N who="0" m="31008" /><T129/><D129/><U119/><REACH who="1" step="1"/><E119/><REACH who="1" ten="350,340,350,0" step="2"/><V80/><F132/><T35/><D35/><U63/><E63/><AGARI ba="1,1" hai="54,57,60,63,64,71,85,89,92,101,102" m="31008,48201,30752" machi="63" ten="30,5800,0" yaku="18,1,52,2" doraHai="131" who="0" fromWho="1" sc="350,70,340,-60,350,0,0,0" /><INIT seed="0,2,0,3,5,113" ten="420,280,350,0" oya="0" hai0="46,3,42,44,35,120,72,127,61,111,57,112,37" hai1="135,63,0,84,97,119,80,99,40,131,93,125,96" hai2="62,98,1,83,55,51,114,76,122,117,108,66,54" hai3=""/><T47/><D3/><U59/><E0/><V102/><N who="2" m="31264" /><V132/><F1/><T92/><D35/><U100/><E125/><V81/><F114/><T64/><N who="0" m="30752" /><T75/><D112/><U38/><E135/><V56/><F132/><T60/><D127/><U85/><E131/><V69/><F108/><T2/><D2/><U67/><E119/><V50/><F117/><T109/><D92/><U77/><E38/><V32/><F32/><T33/><D33/><U43/><E100/><V70/><F70/><T94/><D94/><U115/><REACH who="1" step="1"/><E115/><REACH who="1" ten="420,270,350,0" step="2"/><V65/><F76/><T128/><D128/><U133/><E133/><V106/><REACH who="2" step="1"/><F66/><REACH who="2" ten="420,270,340,0" step="2"/><T124/><D124/><U73/><E73/><V87/><F87/><T89/><D75/><U34/><E34/><V104/><F104/><T53/><D72/><U39/><E39/><V82/><F82/><T36/><D36/><U45/><E45/><AGARI ba="2,2" hai="45,50,51,54,55,56,62,65,69,81,83,98,102,106" m="31264" machi="45" ten="30,3900,0" yaku="1,1,7,1,52,1,53,0" doraHai="113" doraHaiUra="110" who="2" fromWho="1" sc="420,0,270,-43,340,63,0,0" /><INIT seed="1,0,0,3,0,96" ten="420,227,403,0" oya="1" hai0="81,42,69,78,129,70,74,105,94,76,98,48,91" hai1="63,86,109,120,82,89,61,49,110,119,66,35,118" hai2="130,54,34,38,65,134,72,121,104,64,44,95,114" hai3=""/><U71/><N who="1" m="30752" /><U73/><E35/><V131/><N who="2" m="31008" /><V62/><F34/><T124/><D124/><U111/><E73/><V106/><F72/><T56/><D129/><N who="2" m="49162" /><F114/><T92/><D105/><N who="2" m="40554" /><F134/><T133/><D133/><U55/><REACH who="1" step="1"/><E63/><REACH who="1" ten="420,217,403,0" step="2"/><V127/><F127/><T58/><D70/><U33/><E33/><V84/><F62/><T135/><D69/><U60/><E60/><V45/><F64/><T39/><D135/><U116/><E116/><V123/><F65/><T103/><D74/><U53/><E53/><V80/><N who="2" m="31520" /><V41/><F54/><T88/><D42/><U57/><AGARI ba="0,1" hai="49,55,57,61,66,71,82,86,89,109,110,111,118,119" m="30752" machi="57" ten="30,12000,2" yaku="1,1,0,1,14,1,10,1,52,1,53,1" doraHai="96" doraHaiUra="77" who="1" fromWho="1" sc="420,-60,217,130,403,-60,0,0" /><INIT seed="1,1,0,1,2,114" ten="360,347,343,0" oya="1" hai0="107,124,100,94,48,103,104,90,110,125,84,106,99" hai1="135,79,120,134,77,3,130,92,71,32,133,93,65" hai2="98,113,54,108,34,119,91,61,75,66,43,95,36" hai3=""/><U118/><N who="1" m="30752" /><U33/><E3/><V78/><F34/><N who="1" m="13417" /><E130/><V128/><F128/><T126/><D48/><U44/><E44/><V74/><F113/><T53/><D53/><U73/><E118/><V58/><F119/><T115/><D115/><U42/><E42/><V39/><F43/><T86/><D110/><U76/><E73/><V69/><F108/><T57/><D57/><U97/><E97/><V82/><REACH who="2" step="1"/><F75/><REACH who="2" ten="360,347,333,0" step="2"/><T47/><D47/><U80/><E135/><V62/><AGARI ba="1,1" hai="36,39,54,58,61,62,66,69,74,78,82,91,95,98" machi="62" ten="20,9000,2" yaku="1,1,2,1,0,1,7,1,53,2" doraHai="114" doraHaiUra="68" who="2" fromWho="2" sc="360,-31,347,-61,333,102,0,0" /><INIT seed="2,0,0,5,1,0" ten="329,286,435,0" oya="2" hai0="57,44,34,107,104,73,102,113,45,132,97,35,53" hai1="99,74,68,54,118,126,109,78,37,38,79,81,80" hai2="114,52,121,129,86,46,76,51,96,112,65,56,128" hai3=""/><V103/><N who="2" m="31008" /><V91/><F76/><T95/><D73/><U39/><E118/><V120/><N who="2" m="30752" /><V116/><F116/><T105/><D113/><U110/><E126/><V75/><F75/><T47/><REACH who="0" step="1"/><D132/><REACH who="0" ten="319,286,435,0" step="2"/><U106/><E110/><V82/><F114/><T98/><D98/><U123/><N who="1" m="31520" /><U50/><E109/><V49/><F112/><T131/><D131/><U2/><E2/><V93/><REACH who="2" step="1"/><F65/><REACH who="2" ten="319,286,425,0" step="2"/><T88/><D88/><U1/><E1/><V85/><F85/><T124/><D124/><U83/><E74/><V67/><F67/><T134/><D134/><U69/><E79/><V89/><F89/><T64/><D64/><U36/><E78/><V119/><F119/><T62/><AGARI ba="0,2" hai="34,35,44,45,47,53,57,62,95,97,102,104,105,107" machi="62" ten="40,6000,1" yaku="1,1,0,1,52,2,53,0" doraHai="0" doraHaiUra="66" who="0" fromWho="0" sc="319,80,286,-20,425,-40,0,0" /><INIT seed="4,0,0,2,0,1" ten="399,266,385,0" oya="0" hai0="95,32,86,106,109,131,77,88,113,40,52,51,84" hai1="124,97,73,57,103,68,87,48,123,3,102,66,129" hai2="101,115,47,114,94,117,96,62,104,128,71,133,41" hai3=""/><T93/><D106/><U37/><N who="1" m="31520" /><U45/><E3/><V59/><F117/><T33/><D109/><U49/><E73/><V134/><F71/><T55/><D113/><N who="2" m="43018" /><F104/><T53/><D131/><U36/><E129/><V54/><F128/><T79/><D79/><U83/><E124/><V58/><F58/><T118/><D118/><U107/><E103/><V130/><F130/><T43/><D77/><U0/><E0/><V63/><F63/><T56/><D56/><U100/><E100/><V82/><F82/><T91/><D51/><AGARI ba="0,0" hai="41,47,51,54,59,62,94,96,101,133,134" m="43018" machi="51" ten="30,1000,0" yaku="15,1" doraHai="1" who="2" fromWho="0" sc="399,-10,266,0,385,10,0,0" /><INIT seed="5,0,0,2,4,73" ten="389,266,395,0" oya="1" hai0="61,109,114,70,105,2,87,101,126,32,100,95,46" hai1="41,132,110,52,69,3,40,129,86,98,103,92,108" hai2="53,45,1,119,128,72,67,79,62,102,63,43,120" hai3=""/><U37/><E3/><V118/><N who="2" m="30752" /><V107/><F1/><T49/><D2/><U99/><E69/><V75/><F102/><T135/><D32/><U127/><E127/><V123/><N who="2" m="31520" /><V125/><F107/><T56/><D70/><U91/><E132/><V76/><F125/><T47/><D135/><U106/><E129/><V112/><F128/><T116/><D109/><U35/><E35/><V65/><F53/><T115/><D105/><U133/><E133/><V84/><F84/><T33/><D33/><U90/><E52/><V104/><F104/><T60/><D126/><U58/><E58/><V80/><F80/><T54/><D116/><U113/><E113/><V55/><F55/><T42/><D61/><U130/><E130/><V36/><F112/><N who="0" m="43050" /><D46/><U82/><REACH who="1" step="1"/><E37/><REACH who="1" ten="389,256,395,0" step="2"/><V97/><F36/><T57/><D57/><U85/><E85/><V44/><F43/><AGARI ba="0,1" hai="40,41,43,82,86,90,91,92,98,99,103,106,108,110" machi="43" ten="40,2000,0" yaku="1,1,53,0" doraHai="73" doraHaiUra="124" who="1" fromWho="2" sc="389,0,256,30,395,-20,0,0" /><INIT seed="5,1,0,1,1,73" ten="389,286,375,0" oya="1" hai0="91,2,111,74,37,120,104,88,77,95,64,50,93" hai1="114,126,121,56,52,133,58,78,125,132,103,100,135" hai2="123,32,90,75,80,55,115,48,43,81,82,79,41" hai3=""/><U131/><N who="1" m="31008" /><U134/><N who="1" m="34304" /><DORA hai="112" /><U71/><E71/><V87/><N who="2" m="31520" /><V83/><F32/><T129/><D37/><U42/><E114/><V49/><F115/><T96/><N who="0" m="30752" /><T1/><D111/><U76/><E42/><V109/><F109/><T89/><D129/><U51/><E131/><V45/><REACH who="2" step="1"/><F41/><REACH who="2" ten="389,286,365,0" step="2"/><T118/><D1/><U117/><E117/><V66/><F66/><T3/><D64/><U62/><E126/><V67/><F67/><T47/><D2/><U94/><E125/><V101/><F101/><N who="1" m="38985" /><E94/><V72/><F72/><T108/><D74/><U0/><E0/><V63/><F63/><T86/><D3/><U54/><AGARI ba="1,1" hai="51,52,54,56,58,62,76,78" m="38985,34304,31008" machi="54" ten="60,8000,1" yaku="20,1,52,3,54,1" doraHai="73,112" who="1" fromWho="1" sc="389,-41,286,92,365,-41,0,0" /><INIT seed="5,2,0,3,5,106" ten="348,378,324,0" oya="1" hai0="86,72,101,33,103,120,50,49,135,122,64,88,66" hai1="37,111,133,69,107,59,134,119,124,46,112,130,52" hai2="105,41,87,80,104,65,98,0,97,121,125,89,131" hai3=""/><U132/><RYUUKYOKU type="yao9" ba="2,0" sc="348,0,378,0,324,0,0,0" hai1="37,46,52,59,69,107,111,112,119,124,130,132,133,134" /><INIT seed="5,3,0,3,0,103" ten="348,378,324,0" oya="1" hai0="2,125,45,104,78,130,40,124,1,59,109,68,92" hai1="56,85,100,42,123,57,99,84,77,44,115,118,73" hai2="39,129,66,89,55,65,83,46,111,76,90,126,87" hai3=""/><U47/><N who="1" m="31520" /><U107/><E115/><V0/><F0/><T133/><D68/><U43/><E118/><V128/><F111/><T135/><D109/><U67/><E73/><V62/><F126/><T48/><D104/><U86/><E77/><V114/><F114/><T58/><D78/><U97/><E99/><V81/><F90/><T91/><D130/><N who="2" m="50282" /><F39/><T120/><N who="0" m="30752" /><T53/><D58/><U94/><E94/><V37/><F37/><T112/><D112/><U71/><E71/><V54/><F46/><T102/><D102/><U69/><E69/><V60/><F65/><T75/><D75/><U51/><REACH who="1" step="1"/><E67/><REACH who="1" ten="348,368,324,0" step="2"/><V72/><F66/><T74/><D74/><U88/><E88/><V79/><F76/><T93/><D1/><U108/><E108/><V122/><N who="2" m="31264" /><V34/><F79/><T38/><D2/><U50/><AGARI ba="3,1" hai="42,43,44,47,50,51,56,57,84,85,86,97,100,107" m="31520" machi="50" ten="30,8000,1" yaku="1,1,0,1,9,1,52,2,53,0" doraHai="103" doraHaiUra="49" who="1" fromWho="1" sc="348,-43,368,96,324,-43,0,0" /><INIT seed="5,4,0,5,4,78" ten="305,464,281,0" oya="1" hai0="72,113,135,36,105,1,47,112,2,102,130,40,116" hai1="73,84,65,45,114,89,62,37,38,43,41,55,134" hai2="44,133,86,100,3,119,99,39,54,132,104,81,128" hai3=""/><U109/><E73/><V117/><F3/><T88/><D116/><N who="2" m="44618" /><F39/><T82/><D135/><N who="2" m="51786" /><F44/><T131/><D102/><U50/><E114/><N who="0" m="44137" /><D105/><U49/><E109/><V69/><F69/><T66/><D66/><U93/><E134/><V85/><F54/><T74/><D74/><U68/><E43/><V83/><F128/><N who="0" m="49194" /><D88/><U118/><E118/><V121/><N who="2" m="31008" /><V48/><F48/><T53/><D53/><U125/><E125/><V46/><F46/><AGARI ba="4,0" hai="37,38,41,45,46,49,50,55,62,65,68,84,89,93" machi="46" ten="30,1500,0" yaku="7,1" doraHai="78" who="1" fromWho="2" sc="305,0,464,23,281,-23,0,0" /><INIT seed="5,5,0,3,2,114" ten="305,487,258,0" oya="1" hai0="65,49,66,112,110,1,76,58,121,134,36,41,90" hai1="70,108,123,56,47,50,0,124,71,99,111,113,109" hai2="100,46,103,67,128,68,88,102,131,117,125,93,60" hai3=""/><U37/><N who="1" m="31520" /><U97/><E0/><V57/><F125/><T116/><N who="0" m="31008" /><T105/><D1/><U115/><E124/><V94/><F117/><T127/><D127/><U63/><E37/><V83/><F46/><T42/><D110/><U101/><E99/><V55/><F83/><T82/><D105/><U48/><E48/><V84/><REACH who="2" step="1"/><F94/><REACH who="2" ten="305,487,248,0" step="2"/><T33/><D116/><U75/><E113/><V91/><F91/><T77/><D90/><U3/><E115/><V43/><F43/><T133/><D112/><U98/><E3/><V62/><AGARI ba="5,1" hai="55,57,60,62,67,68,84,88,93,100,102,103,128,131" machi="62" ten="30,3000,0" yaku="1,1,0,1,54,1,53,0" doraHai="114" doraHaiUra="35" who="2" fromWho="2" sc="305,-15,487,-25,248,50,0,0" /><INIT seed="6,0,0,1,2,91" ten="290,462,298,0" oya="2" hai0="44,33,50,43,131,129,38,63,82,134,64,107,81" hai1="73,114,115,69,0,110,87,90,40,133,52,109,118" hai2="103,77,112,106,130,119,76,59,70,39,92,61,32" hai3=""/><V122/><N who="2" m="31264" /><V127/><F32/><T96/><D33/><U56/><E73/><V46/><F119/><T55/><D134/><U60/><E0/><V97/><F70/><T36/><D107/><U75/><E75/><V128/><F127/><T84/><D96/><U124/><E133/><V72/><F112/><N who="1" m="43049" /><E124/><V85/><F72/><T89/><D81/><U65/><E40/><V71/><F71/><T101/><D101/><U135/><E118/><V58/><F58/><T80/><D82/><U51/><E135/><V67/><F106/><T48/><D48/><U120/><N who="1" m="30752" /><U47/><E69/><V68/><F68/><T34/><D34/><U37/><E37/><V3/><F3/><T125/><D125/><U113/><E113/><V116/><F116/><T95/><D80/><AGARI ba="0,0" hai="47,51,52,56,60,65,80,87,90,109,110" m="30752,43049" machi="80" ten="30,3900,0" yaku="15,1,52,1,54,1" doraHai="91" who="1" fromWho="0" sc="290,-39,462,39,298,0,0,0" owari="251,-35.0,501,45.0,298,-10.0,0,0.0" /></mjloggm>