<mjloggm ver="2.3"><GO type="169" lobby="0"/><UN n0="%E5%81%BD%E5%96%84%E8%80%85%E9%AB%98%E6%A9%8B%E3%81%BF%E3%81%AA%E3%81%BF" n1="%E4%B8%AD%E3%81%AE%E4%B8%8A" n2="%E3%82%BB%E3%83%96%E3%83%AB%E3%82%B9" n3="%E3%81%8B%E3%82%81%E3%81%98%E3%82%8D%E3%81%86" dan="16,16,16,17" rate="2132.38,2101.72,2126.21,2150.55" sx="F,M,F,M"/><TAIKYOKU oya="0"/><INIT seed="0,0,0,3,4,20" ten="250,250,250,250" oya="0" hai0="74,131,81,9,6,113,133,109,49,95,126,1,94" hai1="78,14,132,35,41,98,51,28,21,89,91,80,105" hai2="134,71,124,72,100,68,69,65,37,45,55,101,104" hai3="77,39,38,18,123,30,27,46,85,114,8,42,4"/><T10/><D113/><U111/><E111/><V128/><F72/><W3/><G114/><T31/><D126/><U52/><E35/><V32/><F32/><W63/><G123/><T75/><D133/><U43/><E105/><V83/><F124/><W79/><G39/><T24/><D131/><U127/><E132/><V29/><F29/><W97/><G97/><T108/><D49/><U120/><E120/><V88/><F128/><W11/><G63/><T33/><D10/><U67/><E67/><V115/><F134/><W121/><G121/><T17/><D17/><U64/><E64/><V122/><F122/><W40/><G40/><T106/><D106/><U86/><E127/><V82/><F115/><W112/><G112/><T119/><D119/><U62/><E62/><V36/><F65/><W13/><REACH who="3" step="1"/><G85/><REACH who="3" ten="250,250,250,240" step="2"/><T58/><D75/><U118/><E98/><N who="2" m="61463" /><F37/><W125/><G125/><T12/><D109/><U50/><E86/><V19/><F36/><W48/><G48/><T16/><D108/><U130/><E51/><V102/><F102/><W116/><G116/><T2/><D2/><U0/><E43/><V56/><F101/><W107/><G107/><T7/><D1/><U5/><E0/><V66/><F71/><W59/><G59/><T34/><D58/><U15/><E41/><V61/><F69/><W22/><AGARI ba="0,1" hai="3,4,8,11,13,18,22,27,30,38,42,46,77,79" machi="22" ten="20,5200,0" yaku="1,1,0,1,7,1,52,1,53,0" doraHai="20" doraHaiUra="99" who="3" fromWho="3" sc="250,-26,250,-13,250,-13,240,62" /><INIT seed="1,0,0,5,5,95" ten="224,237,237,302" oya="1" hai0="8,53,47,59,28,114,122,40,7,57,46,13,111" hai1="2,20,22,84,58,83,24,32,90,71,51,25,76" hai2="103,45,72,1,130,100,4,128,44,54,36,23,60" hai3="88,63,120,19,132,18,113,98,5,107,55,43,29"/><U96/><E71/><V135/><F135/><W61/><G120/><T42/><D114/><U85/><E2/><V102/><F72/><W70/><G113/><T73/><D73/><U97/><E32/><V78/><F78/><W65/><G132/><T110/><D28/><N who="1" m="17415" /><E51/><V64/><F54/><W106/><G43/><N who="0" m="16427" /><D122/><U112/><E58/><N who="0" m="22025" /><D53/><U66/><E66/><V117/><F117/><W118/><G118/><T48/><D48/><U16/><E112/><V12/><F1/><W68/><G5/><T74/><D74/><U125/><E125/><V33/><F33/><W52/><G29/><T101/><D101/><U56/><E56/><N who="2" m="36871" /><F36/><W126/><G126/><T49/><D49/><U21/><E21/><V37/><F37/><W81/><G68/><T69/><D69/><U79/><E79/><V11/><F23/><W27/><G63/><T91/><D91/><U9/><E9/><V131/><AGARI ba="0,0" hai="4,11,12,44,45,100,102,103,128,130,131" m="36871" machi="131" ten="40,1500,0" yaku="19,1" doraHai="95" who="2" fromWho="2" sc="224,-4,237,-7,237,15,302,-4" /><INIT seed="2,0,0,0,5,116" ten="220,230,252,298" oya="2" hai0="49,3,89,81,75,27,15,16,79,44,48,41,47" hai1="93,56,35,54,50,85,117,77,115,96,125,30,99" hai2="12,61,86,21,45,100,106,74,112,31,111,134,9" hai3="123,120,55,71,22,53,126,36,64,101,40,58,60"/><V82/><F112/><W78/><G78/><T110/><D110/><U57/><E117/><V69/><F74/><W128/><G101/><T97/><D3/><U87/><E115/><V122/><F111/><W28/><G28/><T107/><D27/><U63/><E125/><V43/><F134/><W25/><G126/><T66/><D66/><U131/><E131/><V70/><F122/><N who="3" m="46635" /><G22/><T129/><D129/><U133/><E133/><V132/><F132/><W6/><G25/><T88/><D97/><U10/><E35/><V124/><F124/><W26/><G26/><T118/><D107/><U105/><E30/><V130/><F31/><W121/><G6/><T1/><D1/><U103/><E10/><V92/><F21/><W98/><G98/><T33/><D33/><U91/><E77/><V59/><F106/><W20/><G20/><T83/><D83/><U19/><E19/><V113/><F113/><W18/><G18/><T90/><D118/><U0/><E0/><V7/><F92/><W127/><G127/><T13/><REACH who="0" step="1"/><D16/><REACH who="0" ten="210,230,252,298" step="2"/><U94/><REACH who="1" step="1"/><E105/><REACH who="1" ten="210,220,252,298" step="2"/><V51/><F130/><W135/><G128/><T102/><D102/><U68/><E68/><V73/><F100/><W5/><G121/><T38/><D38/><U76/><E76/><N who="2" m="46407" /><F73/><W80/><G71/><T4/><D4/><U109/><E109/><V67/><AGARI ba="0,2" hai="7,9,12,43,45,51,59,61,67,69,70" m="46407" machi="67" ten="30,1500,0" yaku="25,1" doraHai="116" who="2" fromWho="2" sc="210,-5,220,-5,252,35,298,-5" /><INIT seed="2,1,0,2,3,8" ten="205,215,287,293" oya="2" hai0="52,12,33,78,79,101,68,74,102,111,63,106,69" hai1="55,113,64,133,84,50,88,108,53,25,43,128,119" hai2="80,124,99,105,49,67,26,72,57,126,16,36,0" hai3="107,73,22,115,75,85,131,13,130,60,51,47,100"/><V94/><F36/><W24/><G115/><T122/><D33/><U19/><E119/><V81/><F105/><W103/><G85/><T48/><D122/><U5/><E113/><V44/><F0/><W1/><G1/><T9/><D111/><U125/><E128/><V31/><F57/><W27/><G60/><T3/><D3/><U127/><E64/><V10/><F67/><W116/><G116/><T98/><D101/><N who="3" m="38985" /><G13/><T54/><D63/><U117/><E133/><V118/><F118/><W39/><G27/><T38/><D38/><U97/><E97/><V34/><F72/><W59/><G59/><T82/><D79/><U45/><E108/><V87/><F99/><W56/><G56/><T62/><D62/><U70/><E70/><V6/><F94/><W112/><G107/><T96/><D96/><U21/><E117/><V71/><F71/><W110/><G39/><T20/><D20/><U7/><E127/><N who="2" m="48683" /><F87/><W132/><G132/><T129/><D54/><N who="1" m="20491" /><E125/><V123/><F123/><W58/><G112/><T37/><D37/><U92/><AGARI ba="1,0" hai="5,7,19,21,25,43,45,50,84,88,92" m="20491" machi="92" ten="30,2000,0" yaku="8,1,54,1" doraHai="8" who="1" fromWho="1" sc="205,-6,215,23,287,-11,293,-6" /><INIT seed="3,0,0,4,5,59" ten="199,238,276,287" oya="3" hai0="88,29,111,57,55,74,81,69,37,36,11,115,31" hai1="50,131,35,98,82,63,105,47,112,39,121,43,42" hai2="85,32,20,12,110,79,100,90,129,83,103,8,123" hai3="128,6,132,97,124,2,38,27,46,44,106,19,23"/><W73/><G73/><T13/><D69/><U1/><E1/><V101/><F32/><W130/><G124/><T119/><D119/><U53/><E35/><V51/><F110/><W62/><G132/><T93/><D111/><U14/><E121/><V49/><F123/><W116/><G116/><T52/><D36/><U26/><E26/><V108/><F108/><W117/><G117/><T78/><D37/><U28/><E28/><V24/><F129/><N who="3" m="49771" /><G38/><T96/><D115/><U107/><E43/><V18/><REACH who="2" step="1"/><F79/><REACH who="2" ten="199,238,266,287" step="2"/><W34/><G34/><T17/><REACH who="0" step="1"/><D55/><REACH who="0" ten="189,238,266,287" step="2"/><U41/><E53/><V68/><F68/><W65/><G2/><T67/><D67/><U75/><E131/><V3/><F3/><W48/><G65/><T135/><D135/><U122/><E122/><V84/><F84/><W30/><G97/><T91/><D91/><U77/><E98/><V89/><F89/><W64/><G64/><T127/><D127/><U109/><E109/><V60/><F60/><AGARI ba="0,2" hai="11,13,17,29,31,52,57,60,74,78,81,88,93,96" machi="60" ten="30,8000,1" yaku="1,1,7,1,52,1,54,2,53,0" doraHai="59" doraHaiUra="133" who="0" fromWho="2" sc="189,100,238,0,266,-80,287,0" /><INIT seed="4,0,0,0,0,135" ten="289,238,186,287" oya="0" hai0="29,7,84,72,57,33,50,45,88,62,47,36,77" hai1="85,124,87,52,130,116,54,60,59,104,42,55,31" hai2="129,8,51,119,82,112,26,107,79,133,131,132,63" hai3="22,19,74,2,75,118,11,40,100,1,35,128,34"/><T20/><D33/><U21/><E116/><V90/><F107/><W61/><G118/><T32/><D32/><U125/><E104/><V3/><F119/><W23/><G40/><T24/><D36/><U6/><E130/><N who="2" m="49675" /><F112/><W41/><G128/><T58/><D7/><U122/><E122/><V49/><F90/><W68/><G41/><T44/><D77/><U117/><E117/><V16/><F63/><W15/><G61/><T108/><D72/><U86/><E42/><V89/><F89/><W53/><G53/><N who="0" m="31927" /><D108/><U111/><E111/><V94/><F94/><W96/><G68/><T97/><D97/><U65/><REACH who="1" step="1"/><E6/><REACH who="1" ten="289,228,186,287" step="2"/><N who="2" m="1119" /><F133/><W115/><G115/><T109/><D109/><U92/><E92/><V12/><F132/><W126/><G74/><T25/><D25/><AGARI ba="0,1" hai="21,25,31,52,54,55,59,60,65,85,86,87,124,125" machi="25" ten="50,8000,1" yaku="1,1,52,2,54,1,53,0" doraHai="135" doraHaiUra="106" who="1" fromWho="0" sc="289,-80,228,90,186,0,287,0" /><INIT seed="5,0,0,2,5,81" ten="209,318,186,287" oya="1" hai0="3,84,120,57,54,62,105,79,89,87,29,92,134" hai1="82,35,39,20,96,75,1,70,78,53,23,16,117" hai2="17,90,31,123,113,0,106,45,11,55,30,108,18" hai3="46,124,51,103,93,73,126,83,91,131,85,21,13"/><U86/><E35/><V101/><F123/><W58/><G131/><T107/><D3/><U116/><E1/><V115/><F108/><W69/><G69/><T15/><D120/><U100/><E70/><V33/><F106/><W48/><G58/><T5/><D134/><U25/><E39/><V42/><F101/><W132/><G132/><T44/><D29/><U109/><E109/><V66/><F66/><W135/><G135/><T4/><D107/><U111/><E111/><V41/><F55/><W40/><G51/><N who="0" m="29031" /><D105/><U112/><E112/><N who="2" m="43083" /><F33/><W99/><G73/><T129/><D15/><U102/><E75/><V72/><F72/><W27/><REACH who="3" step="1"/><G13/><REACH who="3" ten="209,318,186,277" step="2"/><T47/><D47/><U32/><E117/><V34/><F0/><W114/><G114/><T110/><D129/><U128/><E116/><V19/><F45/><W104/><G104/><T56/><D110/><U6/><E128/><V61/><F61/><W7/><G7/><N who="0" m="2635" /><D62/><U121/><E6/><V49/><F49/><W65/><G65/><T22/><D22/><U64/><E23/><V119/><F119/><W130/><G130/><T2/><D2/><U67/><E32/><V52/><F34/><W24/><G24/><T60/><D60/><U59/><E121/><V74/><F74/><W9/><G9/><T76/><D76/><U118/><E118/><V68/><F68/><W36/><G36/><T97/><D79/><U80/><E67/><V37/><F37/><W94/><G94/><T133/><D133/><U50/><E64/><V125/><F11/><W98/><G98/><T26/><D26/><U88/><E96/><RYUUKYOKU ba="0,1" sc="209,10,318,10,186,-30,277,10" hai0="56,57,84,87,89,92,97" hai1="16,20,25,50,53,59,78,80,82,86,88,100,102" hai3="21,27,40,46,48,83,85,91,93,99,103,124,126" /><INIT seed="5,1,1,4,0,129" ten="219,328,156,287" oya="1" hai0="121,78,68,132,130,122,62,5,47,117,96,48,11" hai1="110,35,112,85,59,133,97,8,39,34,21,60,13" hai2="36,29,69,24,30,84,25,27,31,93,125,134,83" hai3="55,106,91,108,49,92,63,131,58,111,86,43,73"/><U80/><E39/><V51/><F36/><W89/><G131/><T57/><D117/><U45/><E45/><V123/><F123/><N who="0" m="47114" /><D130/><U9/><E21/><V26/><F69/><W135/><G106/><T120/><D68/><U70/><E112/><V103/><F125/><W124/><G73/><T46/><N who="0" m="47122" /><T128/><DORA hai="116" /><D128/><U99/><E13/><V61/><F61/><W20/><G124/><T66/><D132/><U28/><E59/><V101/><F134/><W104/><G135/><T44/><D96/><U52/><E9/><V127/><F127/><W19/><G104/><T22/><D78/><U3/><E35/><V53/><N who="2" m="6144" /><DORA hai="67" /><V77/><REACH who="2" step="1"/><F93/><REACH who="2" ten="219,328,146,287" step="2"/><N who="3" m="54455" /><G63/><T114/><D114/><U15/><E60/><V102/><F102/><W23/><G111/><T18/><D48/><U74/><E70/><V16/><F16/><W0/><G19/><T95/><D95/><U7/><E133/><V50/><F50/><W33/><G108/><T40/><D40/><U109/><E110/><V94/><F94/><W75/><G43/><T6/><D22/><U41/><E41/><V115/><F115/><W98/><G20/><T100/><D100/><U64/><E109/><V32/><F32/><W105/><G33/><T71/><D71/><U87/><E34/><V42/><F42/><W56/><G23/><T81/><D81/><U38/><E80/><V88/><F88/><W54/><G91/><T126/><D126/><U65/><E38/><V79/><F79/><W14/><G49/><T82/><D82/><U1/><E99/><V72/><F72/><W90/><G75/><RYUUKYOKU ba="1,2" sc="219,15,328,-15,146,15,287,-15" hai0="5,6,11,18,44,46,47,57,62,66" hai2="29,30,31,51,53,77,83,84,101,103" /><INIT seed="6,2,2,3,2,30" ten="234,313,161,272" oya="2" hai0="25,114,70,62,10,71,101,56,66,6,4,27,135" hai1="121,124,48,94,15,57,86,39,22,113,83,109,50" hai2="21,99,78,125,97,103,72,9,68,92,54,100,53" hai3="60,38,105,43,7,67,77,84,45,123,37,31,85"/><V107/><F68/><W132/><G123/><T8/><D114/><U14/><E109/><V80/><F125/><W133/><G105/><T74/><D74/><U17/><E39/><V59/><F21/><W36/><G7/><T96/><D135/><N who="3" m="51785" /><G31/><T61/><D4/><U119/><E119/><V19/><REACH who="2" step="1"/><F59/><REACH who="2" ten="234,313,151,272" step="2"/><N who="3" m="37279" /><G77/><T41/><D70/><U65/><E124/><V12/><AGARI ba="2,3" hai="9,12,19,53,54,72,78,80,92,97,99,100,103,107" machi="12" ten="30,3000,0" yaku="1,1,0,1,53,0" doraHai="30" doraHaiUra="118" who="2" fromWho="2" sc="234,-12,313,-12,151,66,272,-12" /><INIT seed="6,3,0,3,4,46" ten="222,301,217,260" oya="2" hai0="113,87,6,35,16,89,52,25,114,63,78,85,29" hai1="45,90,51,117,72,36,99,128,101,75,127,62,102" hai2="106,10,91,7,19,56,26,60,66,70,132,33,135" hai3="125,94,107,68,81,37,18,76,39,50,55,43,122"/><V4/><F106/><W97/><G122/><T53/><D6/><U21/><E117/><V116/><F116/><W48/><G68/><T32/><D35/><U74/><E36/><V38/><F38/><W111/><G111/><T86/><D78/><U77/><E77/><V9/><F70/><W40/><G107/><T100/><D100/><U134/><E134/><N who="2" m="51243" /><F91/><W67/><G67/><T103/><D103/><U15/><E128/><V98/><F98/><W93/><G125/><T59/><D89/><U124/><E90/><V118/><F118/><W0/><G0/><T104/><D104/><U5/><E99/><V34/><F19/><W11/><G39/><T31/><D31/><U17/><E5/><N who="2" m="2123" /><F26/><W20/><G11/><AGARI ba="3,0" hai="9,10,11,33,34,56,60,66" m="2123,51243" machi="11" ten="30,1500,0" yaku="20,1" doraHai="46" who="2" fromWho="3" sc="222,0,301,0,217,24,260,-24" /><INIT seed="6,4,0,1,3,40" ten="222,301,241,236" oya="2" hai0="52,10,18,83,19,119,69,125,5,41,66,49,37" hai1="94,68,113,133,7,8,4,17,9,126,27,15,16" hai2="127,115,109,131,70,122,134,14,104,45,21,63,38" hai3="100,73,132,28,39,135,120,60,26,128,65,81,22"/><V76/><RYUUKYOKU type="yao9" ba="4,0" sc="222,0,301,0,241,0,236,0" hai2="14,21,38,45,63,70,76,104,109,115,122,127,131,134" /><INIT seed="6,5,0,3,5,24" ten="222,301,241,236" oya="2" hai0="4,131,6,31,29,65,77,134,43,70,32,9,73" hai1="86,125,3,61,39,67,17,50,23,104,28,112,88" hai2="102,97,7,21,68,106,25,87,115,46,76,15,30" hai3="91,92,36,80,98,45,116,129,20,49,75,130,47"/><V78/><F68/><W107/><G116/><T1/><D134/><U89/><E39/><V13/><F115/><W114/><G114/><T35/><D43/><U133/><E3/><V19/><F46/><W117/><G117/><T123/><D123/><U16/><E104/><V11/><REACH who="2" step="1"/><F87/><REACH who="2" ten="222,301,231,236" step="2"/><W72/><G47/><T37/><D70/><U94/><E112/><V57/><F57/><W90/><G72/><T119/><D73/><U128/><E86/><V38/><F38/><W122/><G36/><T66/><D37/><U52/><E133/><V34/><AGARI ba="5,1" hai="7,11,13,15,19,21,25,30,34,76,78,97,102,106" machi="34" ten="20,7800,0" yaku="1,1,0,1,7,1,52,1,53,0" doraHai="24" doraHaiUra="51" who="2" fromWho="2" sc="222,-31,301,-31,231,103,236,-31" /><INIT seed="6,6,0,5,5,94" ten="191,270,334,205" oya="2" hai0="52,36,63,42,39,12,37,3,125,123,19,10,78" hai1="21,100,26,83,117,8,70,45,76,69,106,41,24" hai2="40,34,110,53,89,33,97,87,51,118,5,23,81" hai3="20,133,4,74,107,28,14,18,16,49,0,67,9"/><V38/><F118/><W113/><G74/><T2/><D123/><U79/><E117/><V85/><F110/><W108/><G108/><T93/><D125/><U66/><E79/><V101/><F5/><W95/><G107/><T116/><D116/><U7/><E66/><V57/><F87/><W135/><G67/><T122/><D42/><U71/><E100/><V130/><F130/><W96/><G113/><T55/><D122/><U128/><E106/><V44/><REACH who="2" step="1"/><F23/><REACH who="2" ten="191,270,324,205" step="2"/><W99/><G4/><T65/><D2/><U92/><E21/><V6/><F6/><W103/><G0/><T58/><D3/><U80/><E128/><V75/><F75/><W32/><G135/><T15/><D78/><U13/><E76/><V86/><F86/><W48/><G133/><T73/><D73/><U88/><E7/><V102/><F102/><W112/><G112/><T90/><REACH who="0" step="1"/><D12/><REACH who="0" ten="181,270,324,205" step="2"/><U114/><E13/><V46/><F46/><W35/><G14/><T119/><D119/><U11/><E114/><V98/><F98/><AGARI ba="6,2" hai="10,15,19,36,37,39,52,55,58,63,65,90,93,98" machi="98" ten="40,8000,1" yaku="1,1,52,1,54,1,53,1" doraHai="94" doraHaiUra="60" who="0" fromWho="2" sc="181,118,270,0,324,-98,205,0" /><INIT seed="7,0,0,3,4,75" ten="299,270,226,205" oya="3" hai0="85,93,74,32,5,60,23,33,89,9,48,83,63" hai1="27,7,110,11,41,49,76,52,50,19,59,68,106" hai2="47,62,126,99,29,20,15,17,65,81,51,101,122" hai3="6,87,24,96,54,37,40,118,30,55,112,2,95"/><W98/><G118/><T72/><D32/><U21/><E110/><V35/><F126/><W42/><G112/><T113/><D33/><U12/><E68/><V3/><F3/><W132/><G132/><T18/><D72/><U45/><E106/><V128/><F128/><W14/><G2/><T124/><D124/><U109/><E109/><V66/><F122/><W43/><G37/><T38/><D38/><U88/><E76/><V111/><F111/><W78/><G6/><T97/><D74/><U123/><E123/><V108/><F108/><W58/><G14/><N who="0" m="5423" /><D48/><U57/><E88/><V107/><F81/><N who="3" m="47543" /><G58/><AGARI ba="0,0" hai="7,11,12,19,21,27,41,45,49,50,52,57,58,59" machi="58" ten="30,3900,0" yaku="7,1,8,1,54,1" doraHai="75" who="1" fromWho="3" sc="299,0,270,39,226,0,205,-39" owari="299,10.0,309,40.0,226,-17.0,166,-33.0" /></mjloggm>