<mjloggm ver="2.3"><GO type="169" lobby="0"/><UN n0="%E8%B2%BF%E6%98%93" n1="%E3%81%8A%E3%81%A7%E3%82%93%E3%81%A4%E3%81%8F%E3%82%8D%EF%BC%81" n2="%E3%82%A4%E3%82%BA%E3%83%9F%E3%83%B3" n3="%E3%82%A2%E3%83%AB%E3%83%86%E3%83%9F%E3%82%B9" dan="17,16,16,17" rate="2180.25,2111.08,2089.71,2188.37" sx="M,M,M,M"/><TAIKYOKU oya="0"/><INIT seed="0,0,0,2,3,23" ten="250,250,250,250" oya="0" hai0="1,87,65,73,42,72,97,15,11,123,77,116,71" hai1="85,38,29,133,128,47,46,35,107,114,70,93,135" hai2="6,75,105,104,101,119,96,14,57,44,134,90,122" hai3="76,113,25,69,20,61,66,28,7,33,5,110,95"/><T74/><D116/><U39/><E107/><V121/><F104/><W111/><G113/><T108/><D123/><U50/><E70/><V16/><F119/><W112/><G112/><T24/><D1/><U53/><E114/><V36/><F75/><W9/><G76/><T127/><D127/><U56/><E128/><V82/><F6/><W22/><G5/><T88/><D42/><U106/><E106/><V132/><F57/><W86/><G86/><T21/><D108/><N who="3" m="41513" /><G95/><T54/><D54/><U120/><E120/><V52/><F82/><W31/><G28/><T17/><D97/><U45/><E93/><V131/><F90/><W40/><G40/><T3/><D3/><AGARI ba="0,0" hai="3,7,9,20,22,25,31,33,61,66,69" m="41513" machi="3" ten="30,2000,0" yaku="14,1,52,1" doraHai="23" who="3" fromWho="0" sc="250,-20,250,0,250,0,250,20" /><INIT seed="1,0,0,5,1,90" ten="230,250,250,270" oya="1" hai0="68,122,7,81,47,19,14,24,87,113,124,44,9" hai1="23,74,114,29,66,103,128,59,26,117,123,2,16" hai2="40,43,1,118,79,54,116,53,80,28,49,13,106" hai3="77,98,35,55,71,126,107,75,22,119,4,129,134"/><U101/><E117/><V42/><F1/><W12/><G35/><T37/><D113/><U130/><E114/><V48/><F106/><W27/><G71/><T112/><D112/><U62/><E123/><V5/><F28/><W18/><G119/><T83/><D68/><U133/><E74/><V64/><F64/><W21/><G75/><T109/><D122/><U34/><E2/><V69/><F69/><W50/><G77/><T97/><D37/><U91/><E133/><V25/><F25/><W3/><G126/><T99/><D124/><U60/><E60/><V102/><F102/><W30/><G129/><N who="1" m="49770" /><E91/><V100/><F100/><W104/><G134/><T70/><D70/><U36/><E36/><V20/><F116/><W31/><G98/><N who="0" m="37387" /><D109/><U6/><E6/><V88/><F79/><W111/><G111/><T32/><D32/><U85/><E85/><N who="2" m="50215" /><F118/><W127/><G127/><T38/><D81/><U120/><E120/><V72/><F72/><W92/><G4/><T108/><D38/><U125/><E125/><V135/><F135/><W46/><G3/><T67/><D67/><U51/><E51/><N who="2" m="19531" /><F5/><W33/><G33/><T76/><D108/><U39/><E39/><V115/><F115/><W93/><G104/><T105/><D105/><U41/><E41/><V132/><F132/><W45/><G107/><T95/><D7/><U63/><E63/><V65/><F65/><W89/><G89/><N who="0" m="53695" /><D76/><U82/><E82/><V61/><F61/><W84/><G84/><T0/><D83/><U17/><E34/><V56/><F56/><N who="3" m="32887" /><G30/><T10/><D24/><N who="1" m="14439" /><E29/><V58/><F58/><RYUUKYOKU ba="0,0" sc="230,0,250,0,250,0,270,0" hai0="0,9,10,14,19,44,47" hai1="17,26,59,62,66,101,103" hai2="13,20,40,42,43,53,54" hai3="12,18,21,22,27,31,45,46,92,93" /><INIT seed="1,1,0,4,1,28" ten="230,250,250,270" oya="1" hai0="57,44,112,47,55,84,121,123,32,4,86,105,53" hai1="5,22,101,127,88,133,30,126,116,3,59,77,20" hai2="62,106,40,35,25,11,129,103,21,36,34,10,69" hai3="13,113,94,124,60,109,45,92,33,75,71,46,42"/><U96/><E116/><V70/><F129/><W14/><G113/><T29/><D105/><U48/><E133/><V125/><F125/><N who="1" m="47625" /><E77/><V6/><F40/><W72/><G124/><T1/><D112/><U23/><E88/><V8/><F36/><W63/><G42/><T122/><D4/><U99/><E30/><V12/><F106/><W56/><G56/><T110/><D1/><U81/><E81/><V17/><F103/><W104/><G104/><T108/><D29/><U82/><E82/><V64/><F70/><W41/><G41/><T80/><D32/><U114/><E114/><V50/><F50/><W90/><G71/><T76/><D86/><U132/><E132/><V31/><REACH who="2" step="1"/><F10/><REACH who="2" ten="230,250,240,270" step="2"/><W66/><G45/><N who="0" m="17483" /><D55/><N who="1" m="32231" /><E101/><V39/><F39/><W67/><G46/><T100/><D100/><U83/><E83/><V120/><F120/><W117/><G33/><T89/><D76/><U43/><E43/><V26/><F26/><W68/><G68/><T58/><D53/><U97/><E23/><V16/><F16/><W111/><REACH who="3" step="1"/><G90/><REACH who="3" ten="230,250,240,260" step="2"/><T119/><D119/><AGARI ba="1,2" hai="13,14,60,63,66,67,72,75,92,94,109,111,117,119" machi="119" ten="25,12000,2" yaku="1,1,2,1,22,2,53,2" doraHai="28" doraHaiUra="91" who="3" fromWho="0" sc="230,-123,250,0,240,0,260,143" /><INIT seed="2,0,0,1,2,30" ten="107,250,240,403" oya="2" hai0="10,110,7,50,112,94,59,21,20,9,131,13,102" hai1="33,12,3,52,51,103,56,39,66,37,134,74,1" hai2="120,127,81,15,114,35,26,42,75,28,25,68,79" hai3="93,77,115,118,78,70,11,6,19,128,47,83,0"/><V23/><F120/><W69/><G118/><T84/><D112/><U119/><E119/><V86/><F114/><W130/><G115/><T91/><D131/><N who="3" m="50217" /><G93/><T72/><D72/><U58/><E74/><V107/><F107/><W67/><G67/><T100/><D110/><U40/><E33/><V129/><F129/><W49/><G19/><T27/><D21/><U46/><E134/><V60/><F42/><N who="3" m="24823" /><G78/><T76/><D76/><U109/><E109/><V89/><F127/><W63/><G63/><T125/><D125/><U65/><E103/><V126/><F126/><W92/><G92/><T64/><D10/><U88/><E65/><V111/><F111/><W44/><G44/><T73/><D73/><AGARI ba="0,0" hai="0,6,11,69,70,73,77,83" m="24823,50217" machi="73" ten="30,1000,0" yaku="19,1" doraHai="30" who="3" fromWho="0" sc="107,-10,250,0,240,0,403,10" /><INIT seed="3,0,0,3,3,64" ten="97,250,240,413" oya="3" hai0="36,120,122,67,37,123,90,2,10,8,78,87,30" hai1="117,128,115,31,100,46,101,62,68,13,111,129,26" hai2="74,119,113,71,75,91,14,77,7,38,70,53,112" hai3="82,95,125,116,76,39,34,97,60,43,41,45,134"/><W15/><G116/><T133/><D78/><U42/><E115/><V5/><F91/><W98/><G134/><T102/><D102/><U4/><E111/><V11/><F38/><W25/><G125/><T23/><D133/><U131/><E117/><V56/><F119/><W94/><G43/><T40/><D40/><U96/><E96/><V27/><F27/><W80/><G15/><T55/><D55/><U107/><E13/><V93/><F93/><W104/><G97/><T54/><D54/><U106/><E4/><V127/><F127/><W81/><G60/><T105/><D105/><N who="1" m="39947" /><E62/><V92/><F92/><W121/><G121/><T86/><D30/><U65/><E65/><V114/><F5/><W85/><G95/><T73/><D23/><N who="1" m="15839" /><E68/><V18/><F7/><W21/><G34/><T59/><D67/><U12/><E12/><V6/><F6/><W24/><G24/><T132/><D132/><U49/><AGARI ba="0,0" hai="42,46,49,100,101,128,129,131" m="15839,39947" machi="49" ten="40,1500,0" yaku="19,1" doraHai="64" who="1" fromWho="1" sc="97,-4,250,15,240,-4,413,-7" /><INIT seed="4,0,0,3,4,120" ten="93,265,236,406" oya="0" hai0="62,106,17,39,59,10,6,47,102,37,20,21,0" hai1="72,58,43,82,129,95,103,14,130,23,55,113,54" hai2="2,116,105,79,99,128,85,32,104,67,18,126,110" hai3="89,15,26,115,51,30,38,27,29,77,123,12,4"/><T86/><D21/><U50/><E113/><V31/><F31/><W9/><G38/><T96/><D86/><U24/><E43/><V25/><F25/><W76/><G115/><T8/><D8/><U87/><E14/><V3/><F32/><W81/><G123/><T52/><REACH who="0" step="1"/><D47/><REACH who="0" ten="83,265,236,406" step="2"/><N who="1" m="27999" /><E87/><V42/><F85/><W63/><G9/><T124/><D124/><U92/><E23/><V36/><F126/><W74/><G29/><T122/><D122/><U125/><E125/><V57/><F99/><W53/><G30/><T49/><D49/><U28/><E28/><V134/><F36/><W5/><G51/><T131/><D131/><U64/><E130/><V88/><F128/><W98/><G76/><T80/><D80/><U93/><E82/><V56/><F79/><W70/><G81/><T48/><D48/><U118/><E129/><V97/><F97/><W111/><G98/><T119/><D119/><U90/><E118/><V45/><F116/><W117/><G77/><T133/><D133/><U84/><E84/><V73/><F45/><W11/><G117/><T41/><D41/><U78/><E78/><V132/><F42/><W22/><G22/><T69/><D69/><U114/><E114/><V127/><F127/><W44/><G11/><T35/><D35/><U107/><E72/><V60/><F73/><W112/><G74/><T46/><D46/><U71/><E71/><V13/><F132/><W91/><G70/><T65/><D65/><U75/><E64/><V68/><F68/><W108/><G44/><T33/><D33/><U101/><E75/><V40/><F134/><RYUUKYOKU ba="0,1" sc="83,30,265,-10,236,-10,406,-10" hai0="0,6,10,17,20,37,39,52,59,62,96,102,106" /><INIT seed="4,1,1,1,5,50" ten="113,255,226,396" oya="0" hai0="0,90,24,111,104,87,71,17,19,117,126,60,5" hai1="7,37,55,10,127,63,53,98,67,40,59,86,103" hai2="132,23,49,36,133,102,92,106,131,107,12,68,41" hai3="115,82,66,9,91,85,18,89,94,22,99,32,100"/><T74/><D74/><U46/><E127/><V13/><F68/><W113/><G32/><T62/><D117/><U48/><E86/><V30/><F36/><W105/><G66/><T124/><D104/><U96/><E103/><V119/><F119/><W95/><G9/><T134/><D111/><U97/><REACH who="1" step="1"/><E37/><REACH who="1" ten="113,245,226,396" step="2"/><V29/><F102/><W75/><G75/><T72/><D72/><U39/><E39/><V25/><F132/><W121/><G121/><T27/><D134/><U6/><E6/><V11/><F133/><W16/><G105/><T65/><D5/><U43/><E43/><V135/><F106/><W52/><G100/><T70/><D124/><U80/><E80/><V35/><F107/><W109/><G82/><T38/><D38/><U4/><E4/><V15/><F41/><W14/><G109/><T69/><D126/><U31/><E31/><V3/><F135/><W120/><G120/><T54/><D17/><U83/><E83/><V33/><F92/><W64/><G18/><T77/><D19/><U8/><E8/><V47/><F11/><W1/><G95/><N who="0" m="54751" /><D77/><U44/><E44/><V123/><F123/><W122/><G85/><T125/><D125/><U78/><E78/><V88/><F30/><W73/><G16/><T34/><D24/><U28/><E28/><V114/><F29/><W116/><G73/><T118/><D27/><U21/><E21/><V129/><F23/><W51/><G22/><T81/><D118/><U56/><E56/><V45/><F25/><W112/><G116/><T84/><D84/><U57/><E57/><V130/><F47/><RYUUKYOKU ba="1,2" sc="113,-10,245,30,226,-10,396,-10" hai1="7,10,40,46,48,53,55,59,63,67,96,97,98" /><INIT seed="5,2,2,3,2,13" ten="103,275,216,386" oya="1" hai0="5,103,105,109,8,51,28,64,42,117,10,99,130" hai1="122,4,94,104,17,54,125,68,129,79,50,6,92" hai2="63,31,106,131,62,95,84,56,69,44,85,36,21" hai3="102,0,93,55,45,91,100,58,73,53,71,83,25"/><U127/><E104/><V39/><F106/><W82/><G71/><T70/><D109/><U86/><E122/><V90/><F131/><W80/><G0/><T81/><D117/><U96/><E68/><V40/><F39/><W75/><G45/><T118/><D118/><U113/><E113/><V24/><F69/><W101/><G25/><T114/><D114/><U11/><E129/><V26/><F56/><W123/><G123/><T78/><D130/><U32/><E32/><V59/><F59/><W126/><G126/><N who="1" m="48138" /><E17/><V2/><F2/><W88/><G58/><T133/><D133/><U23/><E23/><V61/><REACH who="2" step="1"/><F26/><REACH who="2" ten="103,275,206,386" step="2"/><W89/><G93/><T76/><D70/><U9/><E94/><V49/><F49/><W119/><G119/><T108/><D108/><U128/><E128/><V67/><F67/><W20/><G20/><T121/><D64/><U38/><E38/><V74/><F74/><AGARI ba="2,3" hai="53,55,73,74,75,80,82,83,88,89,91,100,101,102" machi="74" ten="50,8000,1" yaku="29,2,28,2,54,1" doraHai="13" who="3" fromWho="2" sc="103,0,275,0,206,-86,386,116" /><INIT seed="6,0,0,4,1,101" ten="103,275,120,502" oya="2" hai0="118,5,0,106,8,130,50,21,16,33,26,81,97" hai1="76,122,38,58,35,99,14,36,111,109,47,51,70" hai2="44,3,53,52,98,39,115,55,83,30,45,61,57" hai3="135,131,62,112,72,77,56,54,65,66,74,124,15"/><V117/><F3/><W32/><G32/><T10/><D130/><U67/><E35/><V110/><F117/><W22/><G131/><T11/><D81/><U9/><E122/><V71/><F83/><W107/><G107/><T125/><D118/><U43/><E76/><V80/><F80/><W105/><G105/><T49/><D125/><U114/><E114/><V42/><F98/><W85/><G112/><T132/><D132/><U113/><E113/><V59/><F30/><W90/><G135/><T31/><D49/><U7/><E99/><V4/><F4/><W82/><G124/><T128/><D50/><U92/><E92/><V94/><F94/><W34/><G34/><T6/><D128/><U68/><E68/><V18/><F18/><W104/><G104/><T102/><D5/><U75/><E75/><V133/><F115/><W100/><G100/><T2/><D0/><U64/><E38/><N who="2" m="21591" /><F110/><W108/><G108/><T40/><D40/><U60/><E67/><N who="2" m="41455" /><F133/><W127/><G74/><T134/><D134/><U116/><E116/><V86/><F86/><W24/><G15/><AGARI ba="0,0" hai="2,6,8,10,11,15,16,21,26,31,33,97,102,106" machi="15" ten="30,8000,1" yaku="7,1,24,2,52,1,54,1" doraHai="101" who="0" fromWho="3" sc="103,80,275,0,120,0,502,-80" /><INIT seed="7,0,0,0,0,91" ten="183,275,120,422" oya="3" hai0="31,100,101,71,23,18,11,53,90,123,79,4,47" hai1="48,74,76,7,24,64,57,52,5,16,40,131,39" hai2="1,121,51,58,27,120,126,135,129,72,63,93,49" hai3="117,112,92,78,10,34,59,6,106,86,54,17,102"/><W133/><G117/><T67/><D123/><N who="2" m="47178" /><F72/><W3/><G106/><T2/><D71/><U37/><E64/><N who="2" m="39031" /><F1/><W109/><G34/><T94/><D67/><U50/><E131/><V97/><F27/><W82/><G133/><T12/><D79/><U84/><E74/><V125/><F135/><W134/><G134/><T122/><D122/><U33/><E39/><V8/><F8/><W104/><G112/><T36/><D31/><U96/><E37/><V132/><F132/><W111/><G104/><T83/><D83/><N who="1" m="47207" /><E96/><V88/><F129/><W116/><G116/><T118/><D118/><U9/><E33/><V124/><AGARI ba="0,0" hai="49,51,88,93,97,124,125,126" m="39031,47178" machi="124" ten="40,8000,1" yaku="18,1,13,1,52,1,54,1" doraHai="91" who="2" fromWho="2" sc="183,-20,275,-20,120,80,422,-40" owari="163,-34.0,255,6.0,200,-20.0,382,48.0" /></mjloggm>