<mjloggm ver="2.3"><GO type="169" lobby="0"/><UN n0="%E3%83%92%E3%83%AB%E3%83%99%E3%83%AB%E3%83%88" n1="%74%6F%72%69%30%36%31%32" n2="%E3%81%9F%E3%81%8F%E3%81%98%E3%82%8D%E3%81%86" n3="%E6%B0%B4%E5%93%89%E3%81%AE%E3%83%AC%E3%82%B8%E3%82%A7%E3%83%B3%E3%83%89" dan="16,16,18,16" rate="2149.16,2079.39,2215.68,2145.42" sx="M,M,M,M"/><TAIKYOKU oya="0"/><INIT seed="0,0,0,2,5,96" ten="250,250,250,250" oya="0" hai0="99,87,120,103,82,11,106,34,28,100,117,60,7" hai1="108,16,134,69,25,54,15,72,65,21,107,38,111" hai2="80,73,125,88,40,10,91,42,30,97,41,19,71" hai3="61,89,68,86,131,14,27,58,33,101,94,4,92"/><T59/><D117/><U123/><E72/><V83/><F71/><W74/><G131/><T79/><D120/><U63/><E123/><V57/><F125/><W22/><G74/><T110/><D110/><N who="1" m="42027" /><E38/><V121/><F121/><W20/><G68/><T129/><D129/><U116/><E116/><V48/><F30/><W49/><G49/><T128/><D128/><U135/><E54/><N who="2" m="31943" /><F73/><W133/><G133/><N who="1" m="50698" /><E107/><V46/><F46/><W64/><G33/><T127/><D127/><U53/><E53/><V66/><F66/><W70/><G70/><T95/><D106/><U45/><E45/><V36/><F36/><W90/><G27/><AGARI ba="0,0" hai="15,16,21,25,27,63,65,69" m="50698,42027" machi="27" ten="30,3900,0" yaku="14,1,20,1,54,1" doraHai="96" who="1" fromWho="3" sc="250,0,250,39,250,0,250,-39" /><INIT seed="1,0,0,5,1,64" ten="250,289,250,211" oya="1" hai0="53,9,37,14,62,118,16,67,79,92,57,19,60" hai1="49,48,133,43,26,97,134,122,56,7,126,61,65" hai2="95,1,112,63,59,73,81,46,35,41,51,17,44" hai3="89,121,111,11,27,38,6,3,5,0,30,114,83"/><U87/><E122/><V55/><F35/><N who="3" m="20959" /><G89/><T135/><D135/><N who="1" m="51723" /><E7/><V12/><F1/><W105/><G83/><T22/><D118/><U69/><E26/><V76/><F112/><W10/><G105/><T128/><D128/><U100/><E126/><V13/><F95/><W52/><G52/><T124/><D124/><U110/><E110/><V131/><F131/><W93/><G93/><T77/><D37/><U106/><E43/><V18/><F13/><W25/><G38/><T113/><D113/><U74/><E74/><V96/><F96/><W108/><G114/><T107/><D107/><U8/><E8/><V125/><F125/><W42/><G42/><T80/><D92/><U33/><E33/><V34/><F12/><W120/><G25/><T20/><D19/><U23/><E87/><V117/><F34/><W91/><G91/><T102/><D102/><U116/><E56/><V123/><F123/><AGARI ba="0,0" hai="0,3,5,6,10,11,108,111,120,121,123" m="20959" machi="123" ten="30,3900,0" yaku="23,1,34,2" doraHai="64" who="3" fromWho="2" sc="250,0,289,0,250,-39,211,39" /><INIT seed="2,0,0,4,1,5" ten="250,289,211,250" oya="2" hai0="26,107,53,31,17,15,84,64,59,34,36,120,16" hai1="75,78,87,61,112,113,109,85,106,48,76,116,77" hai2="70,40,47,125,3,99,68,12,82,1,29,55,90" hai3="95,11,132,71,28,50,96,37,27,65,66,41,80"/><V58/><F125/><W91/><G132/><T6/><D120/><U33/><E33/><V8/><F29/><W56/><G71/><T110/><D110/><U104/><E61/><V108/><F108/><W69/><G69/><T10/><D107/><N who="1" m="41003" /><E48/><V102/><F70/><W117/><G117/><T111/><D111/><U19/><E19/><V45/><F68/><W133/><G133/><T25/><D36/><U42/><E42/><V105/><F47/><W74/><G37/><T86/><D64/><U52/><E52/><V83/><F83/><W118/><G118/><T54/><D54/><U97/><E109/><V92/><F82/><W115/><G115/><N who="1" m="44106" /><E116/><V4/><F102/><W20/><G74/><T7/><D7/><U101/><E75/><V67/><F105/><AGARI ba="0,0" hai="76,77,78,85,87,97,101,105" m="44106,41003" machi="105" ten="40,2600,0" yaku="34,2" doraHai="5" who="1" fromWho="2" sc="250,0,289,26,211,-26,250,0" /><INIT seed="3,0,0,1,4,83" ten="250,315,185,250" oya="3" hai0="21,88,108,46,59,127,115,2,87,67,134,105,124" hai1="55,81,119,73,6,35,56,82,36,43,8,50,49" hai2="91,126,28,117,32,110,20,5,44,123,111,66,61" hai3="64,94,84,51,10,100,18,129,97,0,113,132,80"/><W54/><G113/><T24/><D2/><N who="1" m="87" /><E81/><V27/><F117/><W109/><G129/><T38/><D105/><U133/><E35/><V4/><F126/><N who="0" m="48170" /><D115/><U114/><E114/><V37/><F123/><W7/><G132/><T41/><D134/><U99/><E99/><V90/><F32/><W76/><G109/><N who="2" m="41481" /><F37/><W118/><G118/><T65/><D59/><U14/><E14/><V107/><F44/><W69/><G18/><N who="0" m="12343" /><D108/><U19/><E19/><V131/><F107/><W47/><G64/><T122/><D122/><U72/><E72/><V116/><F131/><W121/><G121/><T75/><D75/><U11/><E11/><V58/><F116/><W79/><REACH who="3" step="1"/><G69/><REACH who="3" ten="250,315,185,240" step="2"/><T34/><D34/><U101/><E119/><V68/><F68/><W77/><AGARI ba="0,1" hai="0,7,10,47,51,54,76,77,79,80,84,94,97,100" machi="77" ten="20,12000,1" yaku="1,1,2,1,0,1,7,1,52,1,53,0" doraHai="83" doraHaiUra="71" who="3" fromWho="3" sc="250,-40,315,-40,185,-40,240,130" /><INIT seed="3,1,0,0,0,54" ten="210,275,145,370" oya="3" hai0="17,106,121,57,12,93,99,44,70,132,4,123,37" hai1="5,64,1,127,134,101,95,43,76,126,86,51,111" hai2="27,122,31,78,40,2,94,23,73,125,102,96,72" hai3="11,25,16,9,130,124,21,46,47,91,117,10,112"/><W19/><G112/><T108/><D108/><U7/><E111/><V74/><F125/><N who="1" m="47625" /><E1/><V69/><F69/><W65/><G124/><T67/><D132/><U105/><E105/><V129/><F2/><W14/><G117/><T48/><D106/><U103/><E64/><V116/><F116/><W92/><G130/><T71/><D4/><N who="1" m="1611" /><E134/><V28/><F129/><W42/><G65/><T75/><D75/><U135/><E135/><V89/><F122/><W41/><G47/><T115/><D115/><U15/><E15/><V62/><F40/><W79/><G79/><T80/><D80/><N who="1" m="47367" /><E95/><V52/><F78/><W84/><REACH who="3" step="1"/><G42/><REACH who="3" ten="210,275,145,360" step="2"/><T100/><D123/><U45/><AGARI ba="1,1" hai="43,45,51,101,103" m="47367,1611,47625" machi="45" ten="30,1100,0" yaku="18,1" doraHai="54" who="1" fromWho="1" sc="210,-4,275,24,145,-4,360,-6" /><INIT seed="4,0,0,2,2,72" ten="206,299,141,354" oya="0" hai0="97,20,121,13,38,135,86,104,126,107,68,24,54" hai1="53,4,103,84,95,129,39,45,133,108,120,46,113" hai2="60,122,48,124,70,52,94,111,63,110,0,64,130" hai3="99,66,33,37,89,15,7,21,119,26,127,61,80"/><T29/><D121/><U77/><E120/><V81/><F0/><W79/><G119/><T102/><D126/><U49/><E108/><V8/><F122/><W12/><G37/><T132/><D38/><U22/><E129/><V5/><F124/><W9/><G127/><T83/><D68/><U82/><E133/><V34/><F34/><W93/><G33/><T85/><D104/><U19/><E4/><V123/><F123/><W96/><G15/><T112/><D112/><U90/><E103/><V17/><F17/><W101/><G101/><T128/><D128/><U117/><E117/><V41/><F130/><W75/><G93/><T16/><D54/><U98/><E113/><V47/><F94/><W40/><G89/><T125/><D125/><U62/><E62/><V27/><F27/><W42/><G42/><T134/><REACH who="0" step="1"/><D83/><REACH who="0" ten="196,299,141,354" step="2"/><U74/><E39/><V88/><F41/><W10/><G40/><T69/><D69/><U36/><E36/><V87/><REACH who="2" step="1"/><F63/><REACH who="2" ten="196,299,131,354" step="2"/><W32/><G61/><T2/><D2/><U109/><E109/><V114/><F114/><W31/><G66/><T76/><D76/><U67/><E67/><V23/><F23/><AGARI ba="0,2" hai="13,16,20,23,24,29,85,86,97,102,107,132,134,135" machi="23" ten="40,12000,1" yaku="1,1,20,1,54,1,53,1" doraHai="72" doraHaiUra="92" who="0" fromWho="2" sc="196,140,299,0,131,-120,354,0" /><INIT seed="4,1,0,0,5,100" ten="336,299,11,354" oya="0" hai0="120,58,62,106,6,82,42,74,127,114,23,36,78" hai1="116,69,95,30,19,35,20,128,48,13,0,40,5" hai2="107,60,15,50,1,83,98,88,103,109,21,124,121" hai3="101,70,41,61,27,25,44,111,133,37,29,134,125"/><T34/><D120/><U2/><E69/><V3/><F121/><W93/><G111/><T4/><D34/><U94/><E116/><V45/><F109/><W135/><G125/><T49/><D127/><U39/><E39/><V131/><F131/><W51/><G37/><T57/><D114/><U43/><E128/><V67/><F124/><W47/><G47/><T11/><D106/><U71/><E71/><V73/><F21/><W12/><G12/><T86/><D74/><U68/><E68/><V92/><F15/><W99/><G29/><T90/><D36/><U76/><E76/><V52/><F83/><W119/><G119/><T22/><D90/><U46/><E43/><V89/><F73/><W17/><G17/><T28/><D11/><N who="1" m="2471" /><E2/><V31/><F31/><W126/><G126/><T77/><D77/><U79/><E79/><V26/><F26/><W105/><G93/><T84/><D84/><U97/><E97/><V14/><F14/><W63/><G63/><T55/><D42/><U91/><E91/><V115/><F115/><W24/><G24/><AGARI ba="1,0" hai="13,19,20,24,30,35,40,46,48,94,95" m="2471" machi="24" ten="30,1000,0" yaku="24,1" doraHai="100" who="1" fromWho="3" sc="336,0,299,13,11,0,354,-13" /><INIT seed="5,0,0,4,3,59" ten="336,312,11,341" oya="1" hai0="37,40,106,67,109,60,14,39,118,83,72,1,117" hai1="74,123,62,86,91,3,87,49,119,24,92,55,53" hai2="99,124,132,103,11,9,8,31,112,30,128,104,56" hai3="122,26,43,23,133,77,69,41,111,42,113,7,89"/><U64/><E74/><V96/><F132/><W50/><G111/><T15/><D14/><U129/><E3/><V2/><F2/><W76/><G122/><T98/><D15/><U33/><E123/><V127/><F128/><W18/><G133/><T110/><D1/><U66/><E119/><N who="0" m="45577" /><D40/><U82/><E129/><V48/><F112/><W36/><G36/><N who="0" m="13899" /><D98/><U47/><E24/><V75/><F75/><W95/><G113/><T105/><D83/><U125/><E33/><V13/><F13/><W93/><G69/><N who="0" m="42215" /><D72/><U0/><E0/><V57/><F99/><W134/><G134/><T6/><D6/><U116/><E116/><V46/><F31/><W54/><G7/><T35/><D35/><U101/><E125/><N who="2" m="48203" /><F30/><W29/><G18/><T58/><D58/><N who="1" m="35151" /><E101/><V79/><F79/><AGARI ba="0,0" hai="47,49,55,64,66,79,82,86,87,91,92" m="35151" machi="79" ten="30,2900,0" yaku="8,1,52,1" doraHai="59" who="1" fromWho="2" sc="336,0,312,29,11,-29,341,0" owari="336,-6.0,341,44.0,-18,-52.0,341,14.0" /></mjloggm>