<mjloggm ver="2.3"><GO type="169" lobby="0"/><UN n0="%73%62%E7%A5%9E%E5%8C%BB" n1="%73%61%6E%67%6F%64%64%6F" n2="%E3%82%BF%E3%82%B1%E3%83%A4%E3%83%9E" n3="%66%61%6E%73%74%65%70" dan="16,16,17,16" rate="2098.53,2172.35,2197.42,2134.63" sx="M,M,M,M"/><TAIKYOKU oya="0"/><INIT seed="0,0,0,4,0,72" ten="250,250,250,250" oya="0" hai0="59,130,64,36,112,100,23,73,86,117,70,63,87" hai1="29,90,101,20,0,45,127,97,107,102,135,89,9" hai2="32,131,95,14,21,33,83,4,69,118,75,35,65" hai3="66,68,16,56,60,8,26,106,62,85,129,34,113"/><T109/><D117/><U93/><E127/><V40/><F131/><W79/><G129/><T132/><D112/><U124/><E124/><V82/><F118/><W5/><G113/><T39/><D130/><U12/><E0/><V88/><F40/><W114/><G114/><T58/><D73/><U3/><E3/><V7/><F75/><W80/><G106/><T1/><D1/><U81/><E135/><V96/><F7/><W48/><G48/><T27/><D132/><U28/><E45/><V122/><F122/><W15/><G34/><T71/><D100/><U10/><E10/><V61/><REACH who="2" step="1"/><F21/><REACH who="2" ten="250,250,240,250" step="2"/><W125/><G125/><T99/><D23/><U78/><E20/><V91/><F91/><W115/><G115/><T128/><D128/><U110/><E90/><V49/><F49/><W24/><G5/><T76/><D109/><U19/><E110/><V92/><F92/><W2/><REACH who="3" step="1"/><G2/><REACH who="3" ten="250,250,240,240" step="2"/><T46/><D39/><U77/><E107/><V31/><F31/><W53/><AGARI ba="0,2" hai="8,15,16,24,26,53,56,60,62,66,68,79,80,85" machi="53" ten="20,12000,2" yaku="1,1,2,1,0,1,7,1,52,1,54,1,53,0" doraHai="72" doraHaiUra="104" who="3" fromWho="3" sc="250,-60,250,-30,240,-30,240,140" /><INIT seed="1,0,0,0,0,115" ten="190,220,210,380" oya="1" hai0="99,0,16,9,50,45,22,110,17,28,33,96,126" hai1="135,114,39,59,4,40,129,131,12,90,31,89,63" hai2="14,41,92,8,79,121,38,34,100,64,2,88,78" hai3="48,98,107,42,10,44,47,122,35,60,133,94,26"/><U66/><E114/><V132/><F121/><W68/><G122/><T95/><D110/><U101/><E135/><V117/><F34/><W84/><G133/><T91/><D126/><U74/><E74/><V109/><F132/><W118/><G107/><T43/><D99/><U112/><E112/><V73/><F2/><W72/><G72/><T18/><D0/><U1/><E1/><V80/><F109/><W75/><G75/><T55/><D33/><U86/><E101/><V21/><F78/><W83/><G68/><T127/><D127/><U130/><E31/><V19/><F64/><W3/><G3/><T46/><D9/><N who="1" m="4135" /><E86/><V102/><F117/><W81/><G118/><T13/><REACH who="0" step="1"/><D28/><REACH who="0" ten="180,220,210,380" step="2"/><U119/><E119/><V67/><F8/><W52/><G35/><T87/><D87/><U51/><E39/><AGARI ba="0,1" hai="13,16,17,18,22,39,43,45,46,50,55,91,95,96" machi="39" ten="30,3900,0" yaku="1,1,7,1,54,1,53,0" doraHai="115" doraHaiUra="62" who="0" fromWho="1" sc="180,49,220,-39,210,0,380,0" /><INIT seed="2,0,0,3,3,97" ten="229,181,210,380" oya="2" hai0="103,134,16,72,91,133,101,59,122,53,11,19,25" hai1="4,21,14,98,65,50,105,5,48,83,130,39,49" hai2="85,78,95,113,90,26,37,79,35,114,121,77,108" hai3="45,2,81,43,17,38,123,54,106,127,40,126,131"/><V74/><F37/><W125/><G2/><T120/><D72/><U30/><E39/><V89/><F26/><W34/><G34/><T124/><D124/><U61/><E130/><V44/><F44/><W115/><G106/><T82/><D82/><U80/><E4/><V99/><F35/><W6/><G123/><N who="0" m="47147" /><D91/><U0/><E0/><V47/><F47/><W10/><G115/><T22/><D11/><U8/><E21/><V62/><F62/><W70/><G131/><T24/><D22/><U52/><E30/><V76/><F121/><W87/><G70/><T96/><D96/><U51/><E105/><V23/><F23/><W71/><G71/><T94/><D94/><U57/><REACH who="1" step="1"/><E98/><REACH who="1" ten="229,171,210,380" step="2"/><V88/><F108/><W100/><G6/><T132/><D25/><U36/><E36/><V55/><F55/><W109/><G54/><T33/><D33/><U7/><E7/><V28/><F28/><W111/><G43/><T117/><D117/><U68/><AGARI ba="0,1" hai="5,8,14,48,49,50,51,52,57,61,65,68,80,83" machi="68" ten="30,7900,0" yaku="1,1,0,1,54,1,53,1" doraHai="97" doraHaiUra="56" who="1" fromWho="1" sc="229,-20,171,89,210,-39,380,-20" /><INIT seed="3,0,0,4,5,115" ten="209,260,171,360" oya="3" hai0="107,83,7,20,68,121,24,98,56,52,34,134,86" hai1="3,105,110,133,44,8,17,127,70,124,103,55,38" hai2="89,72,117,80,47,79,69,125,78,75,61,59,18" hai3="99,67,27,31,135,25,50,19,6,88,126,85,104"/><W106/><G135/><T76/><D34/><U26/><E105/><V65/><F125/><N who="1" m="48201" /><E103/><V77/><F47/><W108/><G126/><T90/><D121/><U9/><E70/><V122/><F122/><W92/><G108/><T22/><D68/><U131/><E38/><V130/><F130/><W118/><G118/><T30/><D134/><U23/><E133/><V13/><F117/><W102/><G6/><T113/><D113/><U42/><E110/><V21/><F75/><W100/><G67/><T94/><D107/><U60/><E3/><V49/><F89/><W73/><G19/><T54/><D7/><U57/><E131/><V132/><F132/><W58/><G73/><T28/><D56/><U114/><E114/><V112/><F112/><W71/><G71/><T40/><D40/><U95/><E95/><V62/><REACH who="2" step="1"/><F49/><REACH who="2" ten="209,260,161,360" step="2"/><W111/><G111/><T91/><REACH who="0" step="1"/><D90/><REACH who="0" ten="199,260,161,360" step="2"/><U66/><E42/><V43/><F43/><W87/><G102/><T36/><D36/><U93/><E60/><V101/><F101/><W11/><G106/><T35/><D35/><U37/><E37/><V53/><AGARI ba="0,2" hai="13,18,21,53,59,61,62,65,69,72,77,78,79,80" machi="53" ten="20,2700,0" yaku="1,1,0,1,7,1,53,0" doraHai="115" doraHaiUra="1" who="2" fromWho="2" sc="199,-7,260,-7,161,47,360,-13" /><INIT seed="4,0,0,5,1,114" ten="192,253,208,347" oya="0" hai0="80,129,23,102,92,71,94,135,64,69,109,21,14" hai1="68,106,78,89,13,42,81,118,63,9,97,17,36" hai2="44,12,98,132,25,91,101,4,52,57,48,73,86" hai3="46,28,121,124,110,40,8,95,126,134,60,84,88"/><T128/><D109/><U49/><E36/><V74/><F132/><W32/><G110/><T54/><D135/><U41/><E49/><V130/><F130/><N who="0" m="50282" /><D80/><U6/><E106/><V77/><F77/><W104/><G104/><T85/><D85/><U11/><E68/><N who="0" m="26185" /><D64/><U116/><E63/><V107/><F25/><W27/><G60/><T16/><D102/><U2/><BYE who="0" /><E97/><V47/><F47/><W113/><G113/><T120/><D120/><U24/><E24/><V108/><F108/><W43/><G134/><UN n0="%73%62%E7%A5%9E%E5%8C%BB" /><T122/><D122/><U115/><E89/><V100/><F100/><W65/><G65/><T31/><D54/><U51/><E115/><V82/><REACH who="2" step="1"/><F44/><REACH who="2" ten="192,253,198,347" step="2"/><W76/><G121/><T90/><D90/><U50/><E42/><V20/><F20/><W127/><G76/><T18/><D31/><U38/><E41/><V39/><F39/><W75/><G46/><T45/><D45/><U1/><E38/><V61/><F61/><W119/><G43/><T33/><D33/><U59/><E51/><V26/><F26/><AGARI ba="0,1" hai="14,16,18,21,23,26,92,94" m="26185,50282" machi="26" ten="30,2900,0" yaku="19,1,54,1" doraHai="114" who="0" fromWho="2" sc="192,39,253,0,198,-29,347,0" /><INIT seed="4,1,0,0,1,66" ten="231,253,169,347" oya="0" hai0="76,119,42,63,58,10,90,28,47,56,111,62,103" hai1="25,0,4,34,48,82,67,39,113,49,86,133,94" hai2="33,13,2,72,26,104,108,15,5,31,11,30,65" hai3="40,81,36,99,57,44,55,115,59,112,17,68,125"/><T75/><D119/><U128/><E39/><V43/><F72/><W101/><G125/><T52/><D111/><U50/><E133/><V105/><F108/><W123/><G123/><T98/><D28/><U96/><E128/><V14/><F43/><W80/><G17/><T69/><D90/><U35/><E0/><V1/><F65/><W37/><G37/><T6/><D69/><U46/><E4/><N who="2" m="1431" /><F105/><W110/><G110/><T54/><D75/><U61/><E113/><N who="3" m="43594" /><G68/><T9/><D76/><U38/><E38/><V92/><F92/><N who="3" m="58599" /><G59/><T29/><D29/><U3/><E46/><V121/><F104/><W129/><G129/><T95/><REACH who="0" step="1"/><D6/><REACH who="0" ten="221,253,169,347" step="2"/><U74/><E74/><V131/><F131/><W102/><G102/><T97/><D97/><U32/><E96/><V107/><F121/><W116/><G116/><T41/><D41/><U64/><E34/><V135/><F135/><W23/><G23/><T117/><D117/><U109/><E35/><V53/><F31/><W21/><G21/><T51/><AGARI ba="1,1" hai="9,10,42,47,51,52,54,56,58,62,63,95,98,103" machi="51" ten="20,18000,2" yaku="1,1,0,1,7,1,9,1,8,1,54,1,53,1" doraHai="66" doraHaiUra="88" who="0" fromWho="0" sc="221,193,253,-61,169,-61,347,-61" /><INIT seed="4,2,0,4,4,62" ten="414,192,108,286" oya="0" hai0="66,37,65,79,17,97,19,118,36,127,12,53,34" hai1="130,107,70,51,128,40,91,103,54,119,82,101,63" hai2="8,52,9,13,1,20,99,60,85,110,87,28,7" hai3="112,111,31,57,64,25,122,5,18,89,95,88,45"/><T86/><D34/><U68/><E107/><V131/><F110/><W133/><G111/><T125/><D118/><U39/><E82/><V44/><F131/><N who="1" m="50217" /><E91/><V113/><F113/><W26/><G112/><T16/><D97/><U129/><E103/><V10/><F99/><W23/><G133/><T98/><D98/><U24/><E101/><V48/><F60/><N who="3" m="37903" /><G122/><T55/><D86/><U27/><N who="1" m="50225" /><U4/><DORA hai="96" /><E4/><V81/><F87/><N who="3" m="52639" /><G5/><T124/><D79/><U102/><E102/><V100/><F100/><W38/><G38/><N who="0" m="14955" /><D12/><U30/><E68/><V43/><F1/><W75/><G75/><T105/><D105/><U104/><E104/><V114/><F114/><W35/><G35/><T69/><D69/><U74/><E74/><V71/><F71/><W108/><G108/><T109/><D109/><U123/><E123/><V84/><F84/><W120/><G120/><T121/><D121/><U6/><E6/><V11/><F43/><W90/><G45/><T56/><D56/><N who="1" m="32863" /><E40/><V59/><F59/><W41/><G41/><T73/><D73/><U22/><E119/><V15/><F7/><W83/><G83/><T134/><D134/><U49/><E39/><V126/><N who="2" m="2048" /><DORA hai="106" /><V94/><F94/><W117/><G117/><T42/><D42/><U76/><E70/><V46/><F46/><W47/><G47/><T3/><D3/><U116/><E116/><V135/><F135/><W50/><G90/><T93/><D93/><U78/><E76/><N who="2" m="46247" /><F126/><W33/><G89/><T72/><D72/><U61/><E78/><V58/><F44/><W80/><G80/><RYUUKYOKU ba="2,0" sc="414,10,192,-30,108,10,286,10" hai0="16,17,19,53,55,65,66,124,125,127" hai2="13,15,20,28,48,52,58" hai3="18,23,25,26,31,33,50" /><INIT seed="4,3,0,4,4,61" ten="424,162,118,296" oya="0" hai0="3,17,55,75,77,102,98,21,14,113,76,95,110" hai1="43,35,90,70,24,123,19,57,15,46,81,25,23" hai2="107,13,121,73,32,68,97,27,64,49,105,33,59" hai3="128,60,74,93,58,34,12,83,85,52,109,92,26"/><T118/><D118/><U79/><E70/><V65/><F121/><W56/><G109/><T94/><D110/><U36/><E123/><V0/><F0/><W8/><G128/><T41/><D3/><U130/><E130/><V7/><F73/><W44/><G74/><T82/><D113/><U30/><E90/><V29/><F33/><W87/><G44/><T104/><D77/><U120/><E120/><V132/><F132/><W117/><G117/><T38/><D38/><U129/><E129/><V6/><F68/><W1/><G1/><T67/><D41/><U37/><E57/><V127/><F127/><W122/><G122/><T86/><D75/><U22/><E46/><V42/><F27/><W96/><G26/><T88/><D76/><U45/><E81/><V100/><F105/><W101/><G34/><T126/><D126/><U84/><E84/><V134/><F134/><W10/><G58/><T53/><D67/><U5/><E79/><V124/><F124/><W119/><G119/><T99/><D104/><U4/><REACH who="1" step="1"/><E37/><REACH who="1" ten="424,152,118,296" step="2"/><V48/><F59/><W108/><G108/><T131/><D131/><U115/><E115/><V2/><F97/><W54/><G85/><T47/><D47/><U69/><E69/><V31/><F100/><W116/><G116/><T111/><D111/><U28/><AGARI ba="3,1" hai="4,5,15,19,22,23,24,25,28,30,35,36,43,45" machi="28" ten="20,5200,0" yaku="1,1,0,1,7,1,53,1" doraHai="61" doraHaiUra="11" who="1" fromWho="1" sc="424,-29,152,71,118,-16,296,-16" /><INIT seed="5,0,0,0,0,38" ten="395,223,102,280" oya="1" hai0="19,16,77,59,126,56,103,25,93,134,57,63,69" hai1="79,7,119,91,11,18,3,128,72,125,48,33,75" hai2="70,83,104,4,74,12,26,39,94,60,122,82,20" hai3="35,32,133,100,97,15,62,43,106,36,84,124,61"/><U34/><E119/><V6/><F104/><W117/><G117/><T65/><D126/><U10/><E125/><V27/><F122/><W13/><G124/><T131/><D131/><U98/><E128/><V107/><F107/><W49/><G133/><T85/><D134/><U96/><E34/><V89/><F39/><W17/><G36/><T1/><D1/><U51/><E33/><V129/><F129/><W101/><G101/><T87/><D25/><U90/><E79/><V108/><F108/><W0/><G0/><T120/><D120/><U41/><E18/><N who="0" m="6697" /><D69/><U5/><E3/><V52/><F70/><W8/><G13/><T44/><D44/><U55/><E55/><V130/><F130/><W46/><G62/><T67/><D63/><U68/><E68/><V105/><F105/><W73/><G73/><T78/><D103/><U71/><E71/><V110/><F110/><W99/><G99/><T109/><D109/><U54/><E54/><V113/><F113/><W24/><G24/><T92/><D78/><U66/><REACH who="1" step="1"/><E66/><REACH who="1" ten="395,213,102,280" step="2"/><N who="0" m="25097" /><D77/><U112/><E112/><V47/><F52/><W118/><G118/><T37/><D37/><U42/><AGARI ba="0,1" hai="5,7,10,11,41,42,48,51,72,75,90,91,96,98" machi="42" ten="25,18000,2" yaku="1,1,0,1,22,2,52,2,53,0" doraHai="38" doraHaiUra="88" who="1" fromWho="1" sc="395,-60,213,190,102,-60,280,-60" /><INIT seed="5,1,0,2,2,6" ten="335,403,42,220" oya="1" hai0="22,73,26,61,17,55,9,47,51,133,58,23,24" hai1="114,77,122,4,19,117,92,79,116,90,129,42,65" hai2="3,44,43,56,70,62,81,68,53,85,123,94,104" hai3="99,11,95,102,125,132,29,52,107,14,1,10,84"/><U120/><E65/><V96/><F123/><N who="1" m="47145" /><E42/><V80/><F104/><W57/><G1/><T110/><D73/><U66/><E66/><V101/><F3/><W76/><G132/><T39/><D39/><U86/><E19/><V119/><F119/><W45/><G125/><T7/><D133/><U54/><E54/><V2/><F2/><W27/><G107/><T21/><D110/><U8/><E4/><V87/><F87/><W33/><G45/><T50/><D50/><U124/><E8/><V16/><F81/><N who="3" m="47143" /><G33/><T34/><D34/><U75/><E124/><V89/><REACH who="2" step="1"/><F16/><REACH who="2" ten="335,403,32,220" step="2"/><W93/><G93/><T98/><D17/><U108/><E117/><V72/><F72/><W36/><G36/><AGARI ba="1,1" hai="36,43,44,53,56,62,68,70,80,85,89,94,96,101" machi="36" ten="30,2000,0" yaku="1,1,7,1,53,0" doraHai="6" doraHaiUra="113" who="2" fromWho="3" sc="335,0,403,0,32,33,220,-23" /><INIT seed="6,0,0,3,0,119" ten="335,403,65,197" oya="2" hai0="22,46,105,26,110,98,62,125,49,24,15,135,38" hai1="90,104,52,82,87,47,20,129,102,56,67,35,124" hai2="115,84,121,53,122,2,66,127,64,0,118,89,7" hai3="6,133,106,19,40,103,65,74,71,93,14,23,111"/><V109/><F118/><W57/><G74/><T30/><D110/><U3/><E35/><V85/><F7/><W31/><G111/><T39/><D125/><U128/><E3/><V17/><F109/><W12/><G133/><T58/><D135/><U18/><E124/><V63/><F127/><W41/><G71/><T112/><D112/><U108/><E47/><V132/><F132/><W4/><G106/><T116/><D116/><U91/><E67/><V92/><F53/><W34/><G34/><T44/><D15/><N who="1" m="9311" /><E102/><V75/><F75/><W27/><G6/><T10/><D10/><U1/><E104/><V8/><F85/><W83/><G83/><T78/><D78/><U114/><E1/><V86/><F86/><W123/><G14/><T59/><D105/><U32/><E32/><V16/><F115/><W70/><G70/><T100/><D100/><U45/><E45/><V80/><F80/><W28/><G28/><T113/><D113/><U60/><E114/><V99/><F99/><N who="3" m="59887" /><G4/><T107/><D107/><U77/><E108/><V21/><F64/><W79/><G79/><T29/><D98/><U81/><E81/><V101/><F101/><W9/><G123/><N who="2" m="47113" /><F8/><W61/><AGARI ba="0,0" hai="9,12,19,23,27,31,40,41,57,61,65" m="59887" machi="61" ten="30,2000,0" yaku="25,1,8,1" doraHai="119" who="3" fromWho="3" sc="335,-5,403,-5,65,-10,197,20" /><INIT seed="7,0,0,0,1,0" ten="330,398,55,217" oya="3" hai0="62,113,28,125,17,12,19,16,90,71,134,51,98" hai1="103,128,124,8,45,7,61,112,115,74,21,4,39" hai2="24,11,108,33,83,25,3,102,131,5,91,18,38" hai3="55,78,105,54,88,26,29,31,48,40,9,111,41"/><W65/><G105/><T68/><D134/><U42/><E74/><V107/><F91/><W75/><G75/><T85/><D125/><U66/><E128/><V70/><F83/><W129/><G129/><T114/><D98/><U118/><E124/><V95/><F95/><W73/><G73/><T36/><D28/><U106/><E8/><V119/><F102/><W117/><G117/><T123/><D36/><U79/><E79/><V132/><F24/><W94/><G78/><T76/><D76/><U20/><E118/><V58/><F58/><W69/><G69/><T130/><D51/><U99/><E21/><V77/><F77/><W133/><G133/><T121/><D130/><U104/><E20/><V86/><F86/><W30/><G111/><T46/><D46/><U53/><E53/><N who="3" m="19978" /><G65/><T6/><D62/><U27/><E104/><V126/><F18/><W14/><G26/><T135/><D135/><U92/><E106/><V52/><F52/><W97/><G48/><T101/><D101/><U116/><E27/><V72/><F11/><W63/><G63/><T34/><D34/><U37/><E116/><V93/><F93/><W2/><G2/><T60/><D60/><U120/><E120/><N who="0" m="46153" /><D71/><N who="1" m="42447" /><E37/><V22/><F22/><W122/><G122/><T100/><D68/><U44/><E44/><V47/><F47/><W127/><G127/><T59/><D59/><U110/><E110/><V80/><F126/><W87/><G87/><T23/><D85/><U109/><E109/><V64/><F132/><W10/><G10/><T56/><D56/><U84/><E84/><V82/><F108/><RYUUKYOKU ba="0,0" sc="330,-15,398,15,55,-15,217,15" hai1="4,7,39,42,45,92,99,103,112,115" hai3="9,14,29,30,31,40,41,88,94,97" /><INIT seed="7,1,0,5,0,126" ten="315,413,40,232" oya="3" hai0="73,77,25,66,103,108,109,19,15,0,40,100,135" hai1="133,94,123,111,48,60,30,43,88,113,22,125,107" hai2="36,89,96,51,110,20,72,95,98,130,104,27,132" hai3="46,16,83,2,52,24,56,84,112,93,71,76,85"/><W1/><G112/><T121/><D0/><U28/><E123/><V50/><F20/><W17/><G71/><T5/><D121/><U37/><E111/><V99/><F27/><W62/><G2/><T117/><D117/><U92/><E125/><V59/><F59/><W10/><G1/><T120/><D120/><U9/><E133/><V39/><F89/><N who="3" m="53423" /><G10/><T129/><D135/><U32/><E107/><V78/><F132/><W118/><G118/><T128/><D40/><U33/><E37/><V82/><F95/><W11/><G11/><N who="0" m="4591" /><D66/><U91/><E113/><V61/><F104/><W114/><G114/><T97/><D77/><U14/><E22/><V116/><F116/><W42/><G24/><T68/><D73/><U134/><E33/><V18/><F18/><W79/><G79/><T75/><D75/><U4/><E32/><V31/><F78/><W119/><G119/><T115/><D115/><U127/><E127/><V53/><F72/><W23/><G23/><N who="0" m="13567" /><D68/><U101/><E134/><V65/><F65/><W29/><G29/><T34/><D34/><U106/><E30/><V3/><F31/><W105/><G105/><N who="0" m="63631" /><D103/><U86/><E28/><V122/><F3/><W49/><AGARI ba="1,0" hai="16,17,42,46,49,52,56,62,76,83,84" m="53423" machi="49" ten="30,6000,0" yaku="8,1,54,2" doraHai="126" who="3" fromWho="3" sc="315,-21,413,-21,40,-21,232,63" /><INIT seed="7,2,0,1,2,78" ten="294,392,19,295" oya="3" hai0="96,112,45,19,108,72,69,105,65,106,20,22,115" hai1="109,9,41,81,15,56,0,28,94,32,100,40,87" hai2="98,123,48,132,91,129,61,82,43,133,126,75,124" hai3="97,38,47,62,60,1,66,4,3,8,59,101,131"/><W39/><G131/><T21/><D72/><U11/><E0/><V90/><F48/><W128/><G128/><T122/><D108/><U79/><E109/><V134/><F61/><W55/><G3/><T34/><D122/><U113/><E28/><V99/><F43/><W25/><G25/><T77/><D34/><U95/><E32/><V135/><N who="2" m="33792" /><DORA hai="88" /><V110/><F110/><W111/><G111/><T53/><D77/><U68/><E68/><V31/><F31/><W73/><G73/><T116/><D116/><U37/><E37/><V118/><F129/><W71/><REACH who="3" step="1"/><G47/><REACH who="3" ten="294,392,19,285" step="2"/><T125/><D45/><U30/><E113/><N who="0" m="43593" /><D125/><U63/><E15/><V67/><F67/><W42/><G42/><T33/><D65/><U83/><E41/><V121/><F118/><W117/><G117/><T120/><D120/><N who="2" m="46154" /><F75/><W6/><G6/><T107/><D69/><U89/><E30/><V12/><F12/><W58/><G58/><T127/><D127/><N who="2" m="48682" /><F82/><W104/><AGARI ba="2,1" hai="1,4,8,38,39,55,59,60,62,66,71,97,101,104" machi="104" ten="20,3900,0" yaku="1,1,0,1,7,1,53,0" doraHai="78,88" doraHaiUra="85,10" who="3" fromWho="3" sc="294,-15,392,-15,19,-15,285,55" /><INIT seed="7,3,0,2,0,110" ten="279,377,4,340" oya="3" hai0="38,97,41,123,39,126,21,90,35,7,25,116,24" hai1="57,73,69,134,65,42,1,44,30,129,100,76,32" hai2="23,3,75,94,98,91,107,16,132,131,46,120,115" hai3="26,93,128,40,95,53,19,122,133,67,74,43,102"/><W81/><G122/><T55/><D123/><U64/><E1/><V45/><F23/><N who="3" m="13695" /><G74/><T58/><D116/><U33/><E69/><V12/><F16/><W82/><G128/><T101/><D7/><U114/><E129/><V15/><F91/><W112/><G133/><T13/><D126/><U96/><E73/><V14/><F94/><N who="3" m="35851" /><G102/><T105/><D90/><U103/><E76/><V61/><F75/><W11/><G67/><T71/><D71/><U89/><E134/><V80/><F120/><W60/><G112/><T92/><D105/><U49/><E114/><V99/><F132/><W10/><G60/><T63/><D13/><U83/><E33/><V127/><F115/><W17/><G53/><T4/><D4/><U34/><E32/><V106/><F61/><W85/><G17/><T86/><D86/><N who="1" m="50399" /><E96/><V84/><F84/><W130/><G130/><T72/><D72/><U78/><E78/><V6/><F131/><W70/><G70/><T36/><D35/><U66/><E34/><V27/><F6/><W87/><G87/><T28/><REACH who="0" step="1"/><D24/><REACH who="0" ten="269,377,4,340" step="2"/><U119/><E119/><V118/><F27/><W62/><G82/><T108/><D108/><U88/><E88/><V79/><F80/><W54/><G85/><T20/><D20/><U8/><E100/><V77/><F118/><W5/><G81/><T2/><D2/><U37/><E103/><V68/><F3/><W111/><G111/><T117/><D117/><U104/><E104/><V51/><F68/><W113/><G113/><T124/><D124/><U47/><E8/><N who="3" m="3114" /><G5/><T52/><D52/><U0/><E0/><RYUUKYOKU ba="3,1" sc="269,15,377,-15,4,-15,340,15" hai0="21,25,28,36,38,39,41,55,58,63,92,97,101" hai3="40,43,54,62" owari="284,-12.0,372,47.0,-11,-51.0,355,16.0" /></mjloggm>