<mjloggm ver="2.3"><GO type="169" lobby="0"/><UN n0="%E7%89%A7%E5%A0%B4%E3%81%AE%E5%B0%91%E5%A5%B3" n1="%E5%84%84%E4%B8%87%E7%AC%91%E8%80%85" n2="%6B%69%79%6F%6E%61%72%69" n3="%73%6F%75%74%68%65%72%6E" dan="17,16,16,16" rate="2181.66,2092.53,2074.60,2063.80" sx="M,M,M,M"/><TAIKYOKU oya="0"/><INIT seed="0,0,0,2,2,24" ten="250,250,250,250" oya="0" hai0="81,83,37,6,72,11,62,104,44,42,60,109,130" hai1="85,61,0,27,121,79,75,8,55,78,15,90,120" hai2="105,22,12,52,65,118,54,77,93,18,10,87,91" hai3="129,125,115,38,41,14,111,76,33,7,117,51,40"/><T46/><D104/><U108/><E0/><V9/><F118/><W43/><G117/><T94/><D130/><U74/><E108/><V92/><F105/><W29/><G115/><T39/><D109/><U71/><E27/><V101/><F65/><W34/><G38/><T26/><D94/><U57/><E71/><V95/><F77/><N who="1" m="29193" /><E75/><V3/><F101/><W135/><G111/><T4/><D26/><U63/><E74/><V53/><REACH who="2" step="1"/><F3/><REACH who="2" ten="250,250,240,250" step="2"/><W70/><G76/><T67/><D67/><U80/><E121/><V66/><F66/><W82/><G129/><T98/><D72/><U19/><E120/><V100/><F100/><W32/><G70/><T124/><D124/><U132/><E132/><V48/><F48/><AGARI ba="0,1" hai="8,15,19,48,55,57,61,63,80,85,90" m="29193" machi="48" ten="30,1000,0" yaku="8,1" doraHai="24" who="1" fromWho="2" sc="250,0,250,20,240,-10,250,0" /><INIT seed="1,0,0,4,0,77" ten="250,270,230,250" oya="1" hai0="59,105,100,85,96,101,60,111,19,134,15,73,16" hai1="84,64,51,87,98,18,4,117,10,2,47,1,90" hai2="37,82,41,61,32,71,124,56,116,97,24,26,44" hai3="42,132,72,40,126,28,7,13,23,129,70,33,45"/><U43/><E117/><V81/><F116/><W29/><G70/><T3/><D3/><U68/><E68/><V50/><F124/><W109/><G126/><T74/><D111/><U48/><E64/><N who="2" m="41359" /><F97/><W39/><G109/><T83/><D100/><U112/><E112/><V80/><F32/><W65/><G65/><T66/><D134/><U104/><E2/><V14/><F14/><W106/><G106/><T91/><REACH who="0" step="1"/><D19/><REACH who="0" ten="240,270,230,250" step="2"/><U11/><E18/><V27/><F27/><W103/><G103/><T62/><D62/><U55/><E11/><AGARI ba="0,1" hai="11,15,16,59,60,66,73,74,83,85,91,96,101,105" machi="11" ten="30,7700,0" yaku="1,1,7,1,52,1,54,1,53,0" doraHai="77" doraHaiUra="30" who="0" fromWho="1" sc="240,87,270,-77,230,0,250,0" /><INIT seed="2,0,0,2,2,46" ten="327,193,230,250" oya="2" hai0="91,31,125,98,72,34,61,127,116,1,101,60,63" hai1="4,16,95,21,81,126,36,97,76,124,105,82,85" hai2="25,114,59,84,13,20,53,45,100,52,112,32,35" hai3="128,5,115,68,17,120,57,39,88,23,66,37,104"/><V62/><F100/><W33/><G120/><T55/><D116/><U47/><E105/><V134/><F134/><W93/><G68/><T7/><D72/><U28/><E28/><V14/><F84/><W75/><G104/><T64/><D91/><U103/><E4/><V102/><F102/><W86/><G33/><T65/><D55/><U122/><E122/><V40/><F53/><W108/><G75/><T19/><D19/><U135/><E135/><V30/><F35/><W123/><G123/><T74/><D74/><U18/><E82/><V80/><F80/><W15/><G108/><T131/><D131/><U73/><E73/><V29/><F29/><W2/><G115/><T56/><D7/><U54/><E36/><V129/><F129/><W99/><G128/><T26/><D1/><U43/><E43/><V58/><F58/><W94/><G2/><T71/><REACH who="0" step="1"/><D61/><REACH who="0" ten="317,193,230,250" step="2"/><U96/><E96/><V90/><F90/><W83/><G5/><T22/><D22/><U42/><E54/><V50/><REACH who="2" step="1"/><F20/><REACH who="2" ten="317,193,220,250" step="2"/><W130/><G130/><T89/><D89/><U87/><E21/><V78/><F78/><W49/><G88/><T133/><D133/><U79/><E76/><V12/><AGARI ba="0,2" hai="12,13,14,25,30,32,40,45,50,52,59,62,112,114" machi="12" ten="30,11700,0" yaku="1,1,0,1,52,1,54,1,53,0" doraHai="46" doraHaiUra="6" who="2" fromWho="2" sc="317,-39,193,-39,220,137,250,-39" /><INIT seed="2,1,0,5,0,115" ten="278,154,357,211" oya="2" hai0="82,107,28,16,56,99,14,63,6,76,77,60,72" hai1="134,51,42,100,25,13,39,45,33,54,124,125,7" hai2="35,24,119,74,67,120,96,84,12,9,46,47,117" hai3="1,4,49,94,97,27,66,90,73,55,135,50,83"/><V122/><F74/><W85/><G135/><T19/><D28/><U17/><E134/><V69/><F96/><W70/><G73/><T32/><D32/><U118/><E118/><N who="2" m="45067" /><F84/><W98/><G49/><T38/><D38/><U26/><E7/><V64/><F47/><W78/><G27/><T23/><D6/><U80/><E100/><V75/><F46/><W112/><G112/><T48/><D77/><U104/><E104/><V71/><F75/><W93/><G66/><N who="2" m="25129" /><F24/><W103/><G70/><N who="2" m="26633" /><F35/><W79/><G97/><T102/><D19/><U114/><E26/><V129/><F129/><W36/><G85/><T123/><D48/><U52/><E25/><V62/><F62/><W130/><G50/><T128/><D128/><U65/><E33/><V91/><F91/><W61/><G90/><T131/><D131/><U53/><E114/><V20/><F20/><W88/><G61/><T113/><D113/><U127/><E65/><V15/><F9/><W0/><G88/><T34/><D34/><U105/><E105/><V87/><F87/><W31/><G98/><T2/><D60/><U86/><E51/><V37/><F37/><W5/><G36/><T22/><D22/><N who="1" m="11567" /><E54/><V3/><F3/><W8/><G55/><N who="0" m="34207" /><D2/><U18/><E18/><V106/><F106/><W68/><G68/><T11/><D11/><U40/><E40/><V121/><AGARI ba="1,0" hai="12,15,120,121,122" m="26633,25129,45067" machi="121" ten="40,12000,1" yaku="28,2,52,3" doraHai="115" who="2" fromWho="2" sc="278,-41,154,-41,357,123,211,-41" /><INIT seed="2,2,0,4,2,79" ten="237,113,480,170" oya="2" hai0="87,95,31,117,90,13,23,33,107,62,7,1,73" hai1="11,133,67,39,28,78,134,20,103,40,38,88,56" hai2="59,127,44,18,132,25,106,128,94,96,24,100,50" hai3="101,116,46,36,125,81,74,55,84,89,42,53,123"/><V118/><F118/><W102/><G116/><T82/><D117/><U32/><E32/><V61/><F128/><W93/><G125/><T65/><D107/><U27/><E78/><V83/><F127/><W71/><G123/><T41/><D33/><U97/><E11/><V135/><F106/><W15/><G71/><T104/><D104/><U14/><E14/><V105/><F105/><W113/><G113/><T99/><D73/><U69/><E69/><V121/><F121/><W130/><G130/><T80/><D41/><U129/><E129/><V122/><F122/><W34/><G34/><T45/><D45/><U6/><E6/><V10/><F10/><W58/><G15/><T35/><D35/><U21/><E21/><V64/><F83/><N who="0" m="31786" /><D1/><U60/><E88/><V75/><F75/><W108/><G46/><T92/><D7/><U85/><E85/><V114/><F114/><W30/><G84/><T49/><D49/><U16/><E16/><V9/><F18/><W12/><G42/><T68/><D68/><U3/><E3/><V0/><F0/><W63/><G36/><N who="1" m="13866" /><E40/><V4/><F4/><W72/><G72/><T29/><D13/><U119/><E119/><V17/><F25/><W8/><G12/><T47/><D47/><U52/><E52/><N who="2" m="29767" /><F24/><W86/><G55/><T120/><D120/><U91/><E91/><V57/><F9/><W43/><G8/><T2/><D2/><U26/><E27/><V37/><F37/><W5/><G5/><T126/><D126/><U111/><E111/><V19/><F59/><W51/><G58/><N who="0" m="37079" /><D23/><U77/><E77/><RYUUKYOKU ba="2,0" sc="237,10,113,10,480,10,170,-30" hai0="29,31,87,90,92,95,99" hai1="20,26,28,56,60,67,97,103,133,134" hai2="17,19,57,61,64,94,96,100,132,135" /><INIT seed="2,3,0,4,3,9" ten="247,123,490,140" oya="2" hai0="22,62,65,40,41,122,64,85,35,53,63,99,86" hai1="45,5,107,26,34,112,88,19,121,27,0,10,8" hai2="131,81,75,48,23,51,49,3,52,21,76,71,124" hai3="36,73,119,129,80,134,69,17,105,101,38,102,133"/><V98/><F71/><W91/><G69/><T42/><D35/><U103/><E112/><V116/><F116/><W57/><G119/><T117/><D117/><U96/><E121/><V87/><F131/><W58/><G129/><T77/><D122/><U50/><E34/><V33/><F33/><W37/><G91/><T125/><D125/><U115/><E115/><V79/><F124/><W16/><G80/><T132/><D132/><N who="3" m="50793" /><G73/><T127/><D53/><U94/><E19/><N who="3" m="7242" /><G105/><T60/><D127/><U74/><E10/><V13/><F3/><W28/><G28/><T66/><D77/><U97/><REACH who="1" step="1"/><E74/><REACH who="1" ten="247,113,490,140" step="2"/><V46/><F75/><W11/><G11/><T90/><D22/><U120/><E120/><V7/><F23/><W54/><G54/><AGARI ba="3,1" hai="0,5,8,26,27,45,50,54,88,94,96,97,103,107" machi="54" ten="30,3900,0" yaku="1,1,7,1,54,1,53,0" doraHai="9" doraHaiUra="128" who="1" fromWho="3" sc="247,0,113,58,490,0,140,-48" /><INIT seed="3,0,0,5,1,109" ten="247,171,490,92" oya="3" hai0="56,67,123,97,11,13,100,42,113,112,106,81,55" hai1="61,124,94,129,50,64,33,114,3,84,117,133,62" hai2="78,32,93,134,102,69,58,63,86,38,48,12,119" hai3="71,95,28,80,29,121,44,10,36,108,27,6,128"/><W22/><G121/><T59/><D42/><U125/><E3/><V103/><F32/><W89/><G71/><T25/><D123/><U131/><E33/><V52/><F38/><W76/><G128/><N who="1" m="49226" /><E84/><V72/><F72/><W15/><G108/><T107/><D107/><U14/><E14/><V82/><F119/><W54/><G36/><T57/><D25/><U91/><E91/><V111/><F111/><W43/><G43/><T120/><D120/><U135/><E94/><V83/><F83/><W46/><G29/><T116/><D116/><U47/><E117/><V39/><F39/><W115/><G54/><T26/><D26/><U127/><E114/><N who="0" m="44137" /><D81/><U37/><E37/><V7/><F82/><W88/><G115/><T66/><D55/><N who="1" m="30175" /><E64/><V9/><F93/><W110/><G110/><T65/><D65/><U5/><E5/><AGARI ba="0,0" hai="5,11,13,56,57,59,66,67,97,100,106" m="44137" machi="5" ten="30,7700,0" yaku="11,1,52,3" doraHai="109" who="0" fromWho="1" sc="247,77,171,-77,490,0,92,0" /><INIT seed="4,0,0,3,1,135" ten="324,94,490,92" oya="0" hai0="127,28,80,106,94,57,63,66,85,26,17,24,96" hai1="45,68,83,105,84,90,31,76,0,27,41,130,53" hai2="134,112,78,43,87,30,11,32,34,6,131,102,7" hai3="59,120,116,35,121,14,79,128,67,70,36,42,132"/><T77/><D106/><U23/><E105/><V99/><F43/><W93/><G93/><T72/><D72/><U74/><E68/><V117/><F134/><W25/><G14/><T124/><D17/><U10/><E53/><V15/><F7/><W21/><G21/><T75/><D75/><U37/><E130/><V110/><F110/><W89/><G89/><T71/><D71/><U47/><E47/><V100/><F100/><W38/><G79/><T107/><D107/><U114/><E114/><V20/><F78/><W3/><G3/><T69/><D69/><U12/><E0/><V65/><F65/><W44/><G132/><T58/><D58/><U52/><E52/><V56/><F56/><W133/><G133/><T49/><D49/><U1/><E1/><V81/><F20/><W129/><G25/><T4/><D4/><U33/><E74/><V95/><F30/><W51/><G35/><T64/><D64/><U122/><E76/><V125/><F112/><W98/><G98/><T2/><D2/><U9/><REACH who="1" step="1"/><E122/><REACH who="1" ten="324,84,490,92" step="2"/><N who="3" m="47210" /><G116/><T46/><D46/><U73/><E73/><V40/><F131/><N who="3" m="50251" /><G70/><T104/><D104/><U92/><E92/><V18/><F95/><W50/><G38/><T19/><D19/><AGARI ba="0,1" hai="9,10,12,19,23,27,31,33,37,41,45,83,84,90" machi="19" ten="40,2600,0" yaku="1,1,53,1" doraHai="135" doraHaiUra="82" who="1" fromWho="0" sc="324,-26,84,36,490,0,92,0" /><INIT seed="5,0,0,0,5,9" ten="298,120,490,92" oya="1" hai0="103,76,52,37,107,51,93,56,130,129,121,35,61" hai1="4,94,1,74,126,91,23,71,118,65,66,34,21" hai2="70,119,14,20,85,128,116,13,127,5,11,67,31" hai3="104,113,108,125,69,134,8,18,36,122,15,120,7"/><U115/><E118/><N who="2" m="45099" /><F70/><W0/><G69/><T57/><D107/><U44/><E74/><V33/><F67/><W90/><G36/><T114/><D35/><U30/><E115/><V46/><F46/><W77/><G77/><T98/><D37/><U58/><E126/><V97/><F85/><W12/><G108/><T26/><D76/><U10/><E71/><V112/><F97/><W42/><G42/><T124/><D26/><U106/><E106/><V41/><F41/><W63/><G104/><T99/><D99/><U132/><E132/><V79/><F79/><W89/><G63/><T47/><D114/><U43/><E34/><V59/><F59/><W83/><G113/><T49/><D124/><U45/><E45/><V92/><F92/><W29/><G125/><T81/><D81/><U3/><E3/><N who="2" m="447" /><F112/><W22/><G134/><T133/><D133/><U109/><E109/><V135/><F127/><W84/><G29/><T55/><REACH who="0" step="1"/><D121/><REACH who="0" ten="288,120,490,92" step="2"/><U39/><E30/><V54/><F31/><W75/><G75/><T123/><D123/><U87/><REACH who="1" step="1"/><E65/><AGARI ba="0,1" hai="47,49,51,52,55,56,57,61,65,93,98,103,129,130" machi="65" ten="40,5200,0" yaku="1,1,54,1,53,1" doraHai="9" doraHaiUra="96" who="0" fromWho="1" sc="288,62,120,-52,490,0,92,0" /><INIT seed="6,0,0,3,2,121" ten="350,68,490,92" oya="2" hai0="110,86,30,74,88,91,47,14,6,22,119,15,112" hai1="4,35,1,12,48,52,96,80,101,46,84,19,62" hai2="90,36,94,134,29,53,38,3,64,118,51,68,34" hai3="32,108,56,60,131,117,123,85,102,10,16,27,133"/><V83/><F3/><W113/><G117/><T25/><D74/><U11/><E35/><V54/><F118/><W104/><G123/><T39/><D119/><U37/><E37/><V69/><F83/><W106/><G108/><T73/><D73/><U20/><E62/><V124/><F29/><W100/><G32/><T120/><D120/><U89/><E1/><V7/><F7/><W125/><G133/><T45/><D110/><U72/><E72/><V41/><F34/><W79/><G125/><T26/><D112/><U59/><E59/><V103/><F103/><W107/><G131/><T2/><D25/><U58/><E58/><V42/><F90/><W71/><G71/><N who="2" m="27209" /><F94/><W43/><G43/><N who="2" m="16393" /><F134/><W67/><G113/><T18/><D39/><U97/><REACH who="1" step="1"/><E101/><REACH who="1" ten="350,58,490,92" step="2"/><V13/><F38/><W95/><G102/><T129/><D45/><U115/><E115/><V82/><F36/><W127/><G127/><T135/><D47/><U75/><E75/><V17/><F124/><W31/><G100/><T116/><D135/><U24/><AGARI ba="0,1" hai="4,11,12,19,20,24,46,48,52,80,84,89,96,97" machi="24" ten="20,12000,2" yaku="1,1,0,1,7,1,8,1,54,1,53,1" doraHai="121" doraHaiUra="81" who="1" fromWho="1" sc="350,-30,58,130,490,-60,92,-30" /><INIT seed="7,0,0,3,4,16" ten="320,188,430,62" oya="3" hai0="109,82,121,100,88,68,14,18,74,130,37,97,15" hai1="66,61,117,101,53,123,127,132,94,83,90,131,103" hai2="11,25,12,46,44,108,107,57,119,70,91,104,34" hai3="71,65,20,96,111,19,112,9,50,116,85,43,4"/><W77/><G116/><T86/><D109/><U110/><E123/><V31/><F70/><W2/><G112/><T41/><D68/><U21/><E110/><V28/><F108/><W113/><G113/><T89/><D121/><U36/><E36/><V5/><F31/><W92/><G111/><T75/><D14/><U81/><E117/><V60/><F46/><W35/><G35/><T8/><D130/><U45/><E127/><V118/><F104/><W120/><G120/><T128/><D128/><U62/><E131/><V52/><F107/><W13/><G71/><T122/><D122/><U58/><E132/><V64/><F91/><W39/><G39/><T79/><D89/><U80/><E21/><V99/><F99/><W22/><G65/><T26/><D26/><U95/><E95/><V54/><F54/><W32/><G32/><T23/><D37/><U129/><E129/><V73/><F73/><W10/><G85/><T78/><D41/><U133/><E133/><V56/><F44/><W98/><G77/><T102/><D102/><N who="1" m="38923" /><E45/><V29/><F29/><W3/><G3/><T134/><D134/><U49/><E66/><V76/><F76/><W6/><G6/><T124/><D124/><U72/><E72/><V1/><F1/><W87/><G87/><AGARI ba="0,0" hai="49,53,58,61,62,80,81,83,87,90,94" m="38923" machi="87" ten="30,1000,0" yaku="8,1" doraHai="16" who="1" fromWho="3" sc="320,0,188,10,430,0,62,-10" owari="320,12.0,198,-20.0,430,53.0,52,-45.0" /></mjloggm>