<mjloggm ver="2.3"><GO type="169" lobby="0"/><UN n0="%E3%82%AB%E3%83%9D%E3%83%8D%E5%9B%A3%E3%81%AE%E5%85%84%E8%B2%B4" n1="%E3%81%A1%E3%82%83%E3%81%93%E3%81%93" n2="%E3%81%8B%E3%82%81%E3%81%98%E3%82%8D%E3%81%86" n3="%E3%81%9F%E3%81%8C%E3%82%84%E3%81%99" dan="19,16,17,17" rate="2279.81,2110.79,2142.47,2227.92" sx="M,F,M,M"/><TAIKYOKU oya="0"/><INIT seed="0,0,0,2,2,119" ten="250,250,250,250" oya="0" hai0="120,105,81,38,66,57,85,114,94,111,84,86,18" hai1="13,41,90,128,106,52,0,14,61,121,95,77,63" hai2="79,21,17,99,4,49,6,96,16,67,100,26,134" hai3="39,20,29,43,125,64,107,9,32,12,75,92,42"/><T56/><D114/><U11/><E106/><V135/><F79/><W88/><G107/><T130/><D105/><U2/><E128/><V31/><F67/><W47/><G75/><T27/><D38/><U102/><E102/><V126/><F49/><W25/><G125/><T5/><D130/><U23/><E41/><V60/><F60/><W7/><G43/><T116/><D116/><U46/><E77/><V109/><F100/><W132/><G132/><N who="2" m="50729" /><F96/><W123/><G64/><T122/><D5/><N who="2" m="2154" /><F99/><W80/><G80/><T97/><D81/><U89/><E46/><V103/><F103/><W115/><G115/><T35/><D111/><U101/><E101/><V62/><F62/><W78/><G78/><T112/><D112/><U118/><E118/><V10/><F126/><W108/><G108/><T117/><D117/><U131/><E131/><V113/><F113/><W24/><G24/><T8/><D97/><U127/><E127/><V19/><F109/><W59/><G59/><T73/><D73/><U69/><E95/><V37/><F37/><W104/><G104/><T40/><D40/><U68/><E68/><V87/><F87/><W36/><G36/><T91/><D94/><U133/><E69/><V74/><F74/><W48/><G39/><T28/><D91/><U55/><E133/><V110/><F110/><W34/><REACH who="3" step="1"/><G123/><REACH who="3" ten="250,250,250,240" step="2"/><N who="0" m="47147" /><D66/><U30/><E121/><V51/><F51/><W50/><G50/><T58/><D57/><U33/><E61/><V71/><F71/><W76/><G76/><T1/><D58/><U93/><E63/><V3/><F3/><W98/><AGARI ba="0,1" hai="7,9,12,20,25,29,32,34,42,47,48,88,92,98" machi="98" ten="20,8000,1" yaku="1,1,5,1,0,1,7,1,54,1,53,0" doraHai="119" doraHaiUra="129" who="3" fromWho="3" sc="250,-40,250,-20,250,-20,240,90" /><INIT seed="1,0,0,1,0,18" ten="210,230,230,330" oya="1" hai0="70,28,65,99,68,77,16,117,23,86,83,48,25" hai1="52,73,131,53,21,96,38,1,60,133,102,118,123" hai2="56,89,33,79,129,72,81,46,110,135,112,132,47" hai3="115,75,6,42,17,19,78,15,54,31,44,122,127"/><U4/><E123/><V98/><F33/><W22/><G54/><T92/><D117/><U59/><E118/><V63/><F110/><W85/><G127/><T26/><D48/><U0/><E73/><V10/><F129/><W61/><G61/><T101/><REACH who="0" step="1"/><D65/><REACH who="0" ten="200,230,230,330" step="2"/><N who="1" m="39071" /><E38/><V125/><F112/><W106/><G115/><T11/><D11/><U66/><E131/><V97/><F10/><W30/><G122/><T124/><D124/><U134/><E66/><V3/><F125/><W43/><G43/><T50/><D50/><U113/><E113/><V57/><F132/><W107/><G42/><T69/><D69/><U121/><E133/><V41/><F135/><W100/><G44/><T8/><D8/><U94/><E121/><V91/><F41/><W58/><G58/><T120/><D120/><U95/><E134/><V119/><F119/><W13/><G107/><T9/><D9/><U114/><E114/><V36/><F36/><W2/><G6/><T126/><D126/><U12/><E4/><V104/><F104/><W111/><G106/><T84/><D84/><U76/><E53/><V27/><F46/><W55/><G85/><T93/><D93/><U130/><E52/><V80/><F47/><W37/><G55/><T35/><AGARI ba="0,1" hai="16,23,25,26,28,35,68,70,77,83,86,92,99,101" machi="35" ten="20,12000,2" yaku="1,1,0,1,7,1,52,1,54,1,53,1" doraHai="18" doraHaiUra="74" who="0" fromWho="0" sc="200,130,230,-60,230,-30,330,-30" /><INIT seed="2,0,0,0,0,102" ten="330,170,200,300" oya="2" hai0="52,131,82,111,64,126,44,93,7,135,24,2,121" hai1="69,134,104,61,40,65,90,49,87,120,77,23,8" hai2="122,70,51,66,45,31,81,33,99,130,118,72,103" hai3="27,39,32,54,88,67,76,43,10,68,114,5,80"/><V9/><F118/><W97/><G54/><T101/><D121/><U50/><E134/><V85/><F122/><W71/><G114/><T60/><D135/><U21/><E120/><V18/><F72/><N who="3" m="43015" /><G88/><T20/><D126/><U19/><E77/><V4/><F130/><W109/><G109/><T129/><D111/><U106/><E8/><V26/><F18/><W34/><G97/><N who="0" m="59567" /><D82/><U22/><E19/><V58/><F70/><N who="3" m="26667" /><G67/><T28/><D7/><U16/><E16/><V89/><F58/><W25/><G25/><T78/><D2/><U100/><E100/><V116/><F66/><W38/><G27/><T91/><D78/><U53/><E40/><V15/><F116/><W0/><G39/><T110/><D91/><U57/><REACH who="1" step="1"/><E50/><REACH who="1" ten="330,160,200,300" step="2"/><V96/><REACH who="2" step="1"/><F103/><REACH who="2" ten="330,160,190,300" step="2"/><W112/><G112/><T63/><D131/><U79/><E79/><V107/><F107/><W124/><G124/><T30/><D129/><U108/><E108/><V6/><F6/><W3/><G3/><T12/><D110/><U42/><E42/><AGARI ba="0,2" hai="4,9,15,26,31,33,42,45,51,81,85,89,96,99" machi="42" ten="30,2900,0" yaku="1,1,7,1,53,0" doraHai="102" doraHaiUra="115" who="2" fromWho="1" sc="330,0,160,-29,190,49,300,0" /><INIT seed="2,1,0,3,2,131" ten="330,131,239,300" oya="2" hai0="80,99,118,32,18,74,8,132,20,45,117,38,63" hai1="100,41,9,42,51,3,125,123,65,112,43,110,87" hai2="22,116,70,114,127,39,75,135,13,47,93,129,130" hai3="95,34,77,121,113,71,44,29,67,12,55,17,5"/><V79/><F70/><W53/><G77/><T36/><D32/><U66/><E110/><V105/><F114/><W91/><G121/><T104/><D8/><U62/><E112/><V97/><F116/><W86/><G113/><T115/><D115/><U6/><E123/><V61/><F61/><W96/><G5/><T107/><D63/><U25/><E125/><V90/><F127/><W124/><G124/><T76/><D132/><U68/><E65/><V15/><F105/><W134/><G67/><T31/><D31/><U37/><E37/><V89/><F135/><W1/><G1/><T56/><D56/><U49/><E100/><V19/><F15/><W92/><G71/><T111/><D111/><U73/><E25/><V24/><F24/><W78/><G34/><T69/><D69/><U72/><E87/><V98/><F79/><W101/><G29/><T33/><D33/><U58/><E68/><V4/><F4/><W133/><G78/><T106/><D99/><U108/><REACH who="1" step="1"/><E108/><REACH who="1" ten="330,121,239,300" step="2"/><V26/><F75/><AGARI ba="1,1" hai="3,6,9,41,42,43,49,51,58,62,66,72,73,75" machi="75" ten="40,8000,1" yaku="1,1,2,1,53,2" doraHai="131" doraHaiUra="46" who="1" fromWho="2" sc="330,0,121,93,239,-83,300,0" /><INIT seed="3,0,0,0,4,46" ten="330,214,156,300" oya="3" hai0="118,67,131,126,43,61,68,66,115,70,40,73,110" hai1="18,74,104,122,120,76,81,107,5,0,50,31,123" hai2="4,72,35,101,92,27,111,78,124,41,21,99,86" hai3="55,94,3,49,84,98,113,132,130,56,2,97,58"/><W119/><G2/><T105/><D73/><U39/><E31/><V36/><F111/><W23/><G3/><T10/><D105/><U103/><E103/><V29/><F124/><W75/><G75/><T6/><D118/><U133/><E133/><V9/><F35/><W91/><G130/><T32/><D32/><U44/><E39/><V54/><F36/><W12/><G132/><T47/><D110/><U57/><E57/><V28/><F41/><W64/><G113/><T16/><D126/><U79/><E79/><V109/><F109/><W80/><G119/><T121/><D121/><U83/><E83/><V24/><F72/><W71/><G71/><T90/><D131/><U114/><E114/><V93/><F54/><W59/><G64/><T17/><D90/><U38/><E38/><V88/><F78/><W87/><G87/><T11/><D115/><U53/><E18/><V134/><F134/><W62/><G62/><T108/><D108/><U125/><E125/><V95/><F27/><W85/><G85/><T52/><D6/><U82/><REACH who="1" step="1"/><E81/><REACH who="1" ten="330,204,156,300" step="2"/><N who="2" m="49231" /><F29/><W14/><G80/><T20/><D17/><U63/><E63/><V51/><F101/><W8/><G59/><T45/><D61/><U89/><E89/><V106/><F106/><W69/><G58/><T42/><D68/><U96/><E96/><V117/><F117/><W77/><G69/><T25/><D70/><U13/><E13/><N who="2" m="5287" /><F99/><W26/><G77/><T60/><D60/><U7/><E7/><V112/><F112/><W128/><G128/><T19/><D19/><U30/><E30/><V34/><F34/><RYUUKYOKU ba="0,1" sc="330,-15,204,15,156,15,300,-15" hai1="0,5,44,50,53,74,76,82,104,107,120,122,123" hai2="21,24,28,51,92,93,95" /><INIT seed="4,1,1,5,4,25" ten="315,219,171,285" oya="0" hai0="9,7,92,118,39,129,2,31,40,124,122,102,36" hai1="42,87,107,61,19,49,60,53,17,134,91,83,56" hai2="4,115,38,24,20,119,48,66,79,33,64,99,59" hai3="16,116,127,100,94,51,81,77,71,63,29,46,12"/><T75/><D118/><U110/><E110/><V43/><F119/><W105/><G105/><T37/><D122/><U69/><E107/><V133/><F33/><W8/><G116/><T35/><D124/><U18/><E134/><V130/><F133/><W117/><G117/><T57/><D129/><U128/><E128/><V44/><F130/><W70/><G127/><T132/><D132/><U10/><E42/><V89/><F79/><W5/><G100/><T41/><D75/><U85/><E69/><V13/><F115/><W123/><G94/><T26/><REACH who="0" step="1"/><D57/><REACH who="0" ten="305,219,171,285" step="2"/><U103/><E103/><V11/><F59/><W80/><G123/><T109/><D109/><U93/><REACH who="1" step="1"/><E10/><REACH who="1" ten="305,209,171,285" step="2"/><V135/><F135/><W126/><G126/><T55/><D55/><U78/><AGARI ba="1,3" hai="17,18,19,49,53,56,60,61,78,83,85,87,91,93" machi="78" ten="30,7900,0" yaku="1,1,2,1,0,1,8,1,53,0" doraHai="25" doraHaiUra="32" who="1" fromWho="1" sc="305,-40,209,112,171,-21,285,-21" /><INIT seed="5,0,0,1,0,62" ten="265,321,150,264" oya="1" hai0="77,5,23,25,80,26,54,60,103,43,33,135,134" hai1="38,3,128,41,83,127,22,131,99,53,102,28,31" hai2="14,52,44,88,109,32,112,84,0,74,2,97,81" hai3="120,50,133,110,93,57,89,1,121,79,114,86,48"/><U42/><E3/><V45/><F109/><W59/><G1/><T21/><D103/><U75/><E127/><V95/><F32/><W87/><G110/><T78/><D5/><U76/><E53/><V126/><F126/><W27/><G133/><T24/><D33/><U13/><E38/><V47/><F74/><W82/><G114/><T39/><D43/><N who="1" m="16395" /><E13/><V63/><F112/><W117/><G117/><T4/><D4/><U130/><E22/><V68/><F14/><W116/><G116/><T111/><D111/><U115/><E115/><V96/><F96/><W65/><G121/><T29/><D39/><U51/><E51/><V107/><F107/><AGARI ba="0,0" hai="28,31,75,76,83,99,102,107,128,130,131" m="16395" machi="107" ten="30,1500,0" yaku="19,1" doraHai="62" who="1" fromWho="2" sc="265,0,321,15,150,-15,264,0" /><INIT seed="5,1,0,0,2,132" ten="265,336,135,264" oya="1" hai0="76,108,127,42,129,96,102,87,65,114,0,134,61" hai1="2,94,27,113,88,9,31,124,122,128,20,22,133" hai2="93,15,17,62,69,105,85,73,32,56,12,86,16" hai3="60,5,106,63,90,80,30,24,52,81,118,115,11"/><U66/><E122/><V123/><F73/><W75/><G106/><T33/><D108/><U37/><E37/><V36/><F123/><W97/><G115/><T95/><D0/><U71/><E113/><V130/><F105/><W39/><G39/><T135/><D114/><U41/><E133/><N who="0" m="50697" /><D42/><U109/><E41/><V48/><F36/><W116/><G97/><T70/><D33/><U117/><E128/><V92/><F32/><N who="3" m="20551" /><G90/><T57/><D129/><U121/><E117/><N who="3" m="45162" /><G75/><T110/><D110/><U104/><E104/><V3/><F3/><N who="3" m="447" /><G52/><T45/><D45/><U28/><E109/><V21/><F130/><W49/><G49/><T6/><D76/><U51/><E51/><V103/><F48/><W67/><G60/><T83/><D6/><U46/><E46/><V91/><F69/><AGARI ba="1,0" hai="63,67,69,80,81" m="447,45162,20551" machi="69" ten="30,1000,0" yaku="12,1" doraHai="132" who="3" fromWho="2" sc="265,0,336,0,135,-13,264,13" /><INIT seed="6,0,0,5,1,118" ten="265,336,122,277" oya="2" hai0="14,103,31,6,127,116,23,96,102,112,16,13,60" hai1="54,99,101,53,100,134,38,42,49,115,80,36,125" hai2="126,124,93,86,43,121,69,0,1,40,78,15,51" hai3="129,62,108,133,10,18,48,85,61,25,7,74,77"/><V70/><F15/><N who="3" m="5599" /><G74/><T5/><D112/><U4/><E115/><V57/><F93/><W63/><G108/><T17/><D127/><N who="2" m="48682" /><F57/><W71/><G71/><N who="2" m="27145" /><F51/><W20/><G129/><T98/><D31/><U104/><E125/><V65/><F65/><W120/><G133/><T2/><D2/><N who="2" m="1130" /><F121/><W67/><G120/><T59/><D116/><U110/><E49/><V28/><F28/><W75/><G75/><T106/><D59/><U117/><E117/><V68/><N who="2" m="27153" /><V81/><AGARI ba="0,0" hai="40,43,78,81,86" m="1130,27153,48682" machi="81" ten="50,4800,0" yaku="4,1,18,1" doraHai="118" who="2" fromWho="2" sc="265,-16,336,-16,122,48,277,-16" /><INIT seed="6,1,0,3,4,62" ten="249,320,170,261" oya="2" hai0="120,78,79,84,101,82,77,35,50,6,32,111,89" hai1="107,40,54,10,91,16,86,105,108,76,46,129,59" hai2="119,51,116,121,100,124,31,88,66,56,23,52,18" hai3="12,26,90,13,4,113,117,72,60,134,133,5,74"/><V44/><F121/><W71/><G26/><T110/><D6/><N who="3" m="2665" /><G90/><T11/><D11/><U14/><E108/><V57/><F124/><W106/><G106/><T65/><D120/><U45/><E129/><V70/><F100/><W27/><G27/><T24/><D101/><U92/><E76/><V47/><F31/><W55/><G117/><T69/><D50/><U28/><E28/><V118/><F88/><W38/><G38/><T29/><REACH who="0" step="1"/><D35/><REACH who="0" ten="239,320,170,261" step="2"/><U42/><E107/><V135/><F135/><W128/><G134/><T36/><D36/><U58/><E105/><V114/><F114/><W53/><G113/><T126/><D126/><U37/><E37/><V81/><F81/><W96/><G133/><T1/><D1/><U109/><E109/><V2/><F2/><W112/><G112/><T98/><D98/><U104/><E104/><V64/><F70/><W75/><G96/><T33/><D33/><U68/><E68/><V17/><F23/><W127/><G127/><T73/><D73/><U8/><E10/><V87/><F87/><W19/><G71/><T125/><D125/><U15/><E8/><V99/><F99/><W94/><G74/><T39/><D39/><U80/><E86/><V83/><F83/><W61/><G75/><T41/><D41/><U95/><E80/><V130/><F130/><W85/><G72/><T115/><D115/><U131/><E131/><V123/><F123/><W7/><G128/><T93/><D93/><U3/><E3/><V25/><F118/><W122/><G94/><T67/><D67/><U30/><E92/><V21/><F116/><RYUUKYOKU ba="1,1" sc="239,30,320,-10,170,-10,261,-10" hai0="24,29,32,65,69,77,78,79,82,84,89,110,111" /><INIT seed="7,2,1,2,3,111" ten="269,310,160,251" oya="3" hai0="100,76,130,27,134,91,104,126,90,44,121,20,11" hai1="102,9,45,14,125,57,98,112,2,79,108,78,103" hai2="107,54,31,93,8,89,36,84,75,47,28,123,35" hai3="65,56,50,16,94,122,73,21,40,12,64,127,106"/><W0/><G106/><T63/><D121/><U34/><E34/><V51/><F123/><W86/><G122/><T96/><D134/><U135/><E108/><V46/><F107/><W128/><G73/><T133/><D133/><U82/><E135/><V80/><F35/><W85/><G0/><T53/><D126/><U30/><E125/><V5/><F5/><W37/><G127/><T66/><D76/><U55/><E45/><V95/><F8/><W119/><G119/><T60/><D11/><U6/><E78/><V52/><F36/><W49/><G37/><T70/><D130/><U7/><E30/><V22/><F75/><W99/><G128/><T41/><D60/><U43/><E43/><V118/><F118/><W71/><G71/><T62/><D63/><U13/><E2/><V124/><F124/><W92/><G40/><T38/><D53/><U116/><E116/><V69/><F69/><W17/><G17/><AGARI ba="2,1" hai="17,20,27,38,41,44,62,66,70,90,91,96,100,104" machi="17" ten="30,1000,0" yaku="7,1" doraHai="111" who="0" fromWho="3" sc="269,26,310,0,160,0,251,-16" owari="295,10.0,310,40.0,160,-34.0,235,-16.0" /></mjloggm>