<mjloggm ver="2.3"><GO type="185" lobby="0"/><UN n0="%E3%83%A1%E3%83%AB%E3%83%88%E3%83%AA%E3%83%AA%E3%82%B9" n1="%45%6D%75%72%61%74%65%64" n2="%E2%98%86%E3%83%97%E3%83%A9%E3%83%81%E3%83%8A" n3="" dan="16,18,16,0" rate="2208.40,2312.53,2216.96,1500.00" sx="F,M,M,C"/><TAIKYOKU oya="0"/><INIT seed="0,0,0,4,1,80" ten="350,350,350,0" oya="0" hai0="71,78,107,92,60,85,39,66,130,106,119,93,68" hai1="72,79,103,51,99,3,45,49,90,134,46,98,54" hai2="132,129,38,120,2,84,47,116,108,56,70,64,125" hai3=""/><T75/><D119/><U115/><E3/><V96/><RYUUKYOKU type="yao9" ba="0,0" sc="350,0,350,0,350,0,0,0" hai2="2,38,47,56,64,70,84,96,108,116,120,125,129,132" /><INIT seed="0,1,0,5,0,55" ten="350,350,350,0" oya="0" hai0="113,45,65,93,72,109,48,62,121,106,86,124,104" hai1="111,110,52,71,82,134,114,34,84,101,79,123,129" hai2="77,39,103,63,76,125,108,57,102,89,49,74,128" hai3=""/><T70/><N who="0" m="31008" /><T94/><D113/><U75/><N who="1" m="31520" /><U133/><E34/><V67/><F39/><T107/><D72/><U122/><N who="1" m="31264" /><U0/><E0/><V37/><F37/><T99/><D124/><U81/><E114/><V38/><F38/><T32/><D32/><U112/><E112/><V135/><F125/><T73/><D73/><U95/><E71/><V1/><F1/><T119/><D119/><U127/><E127/><V41/><F108/><N who="1" m="41513" /><E129/><V2/><F2/><T50/><D109/><U44/><E44/><V64/><F128/><T78/><D45/><U132/><E52/><V42/><F74/><T69/><D69/><U68/><E68/><V117/><F117/><T100/><REACH who="0" step="1"/><D78/><REACH who="0" ten="340,350,350,0" step="2"/><U54/><E134/><V33/><F135/><T131/><D131/><U85/><E75/><V61/><F33/><T46/><D46/><U118/><E118/><V59/><F89/><AGARI ba="1,1" hai="48,50,62,65,70,86,89,93,94,99,100,104,106,107" m="31008" machi="89" ten="40,7700,0" yaku="1,1,52,1,53,1" doraHai="55" doraHaiUra="80" who="0" fromWho="2" sc="340,89,350,0,350,-79,0,0" /><INIT seed="0,2,0,3,5,86" ten="429,350,271,0" oya="0" hai0="85,100,81,76,120,93,73,83,40,88,75,51,84" hai1="90,117,105,82,91,124,94,43,80,77,119,65,56" hai2="36,35,113,48,98,74,79,44,60,123,55,3,122" hai3=""/><T129/><N who="0" m="30752" /><T103/><D40/><U118/><E105/><V67/><N who="2" m="31264" /><V92/><N who="2" m="31520" /><V107/><F113/><T109/><D51/><U69/><E69/><V128/><F35/><T63/><D63/><U72/><E43/><V104/><F3/><T62/><D62/><U47/><E47/><V66/><F128/><T135/><D129/><U96/><E124/><V134/><F67/><T61/><D61/><U0/><E0/><V49/><F36/><T42/><D42/><U34/><E34/><V53/><F79/><T108/><D135/><U2/><E2/><V125/><F74/><N who="0" m="28170" /><D93/><U41/><E41/><V59/><F134/><T37/><D37/><U131/><E131/><V102/><REACH who="2" step="1"/><F125/><REACH who="2" ten="429,350,261,0" step="2"/><T64/><D64/><U70/><E65/><V121/><N who="2" m="31008" /><V46/><AGARI ba="2,1" hai="44,46,48,49,53,55,59,60,66,92,98,102,104,107" m="31008,31520,31264" machi="46" ten="20,12000,3" yaku="1,1,4,1,0,1,7,1,9,1,52,3,53,0" doraHai="86" doraHaiUra="33" who="2" fromWho="2" sc="429,-82,350,-42,261,134,0,0" /><INIT seed="1,0,0,3,5,122" ten="347,308,395,0" oya="1" hai0="124,2,123,1,116,62,68,88,49,133,54,129,82" hai1="73,109,120,43,72,39,78,97,57,76,118,125,56" hai2="52,75,96,112,0,101,33,70,41,115,113,104,53" hai3=""/><U69/><N who="1" m="30752" /><U127/><E118/><V64/><F33/><T35/><N who="0" m="31520" /><T77/><D35/><U108/><E69/><V79/><F0/><T44/><D129/><U110/><E97/><V121/><N who="2" m="31008" /><V87/><F41/><T102/><D116/><U100/><E100/><V84/><F75/><N who="1" m="28745" /><E39/><V80/><F84/><T126/><D77/><N who="1" m="29803" /><E43/><V3/><F3/><T119/><D119/><U61/><E61/><AGARI ba="0,0" hai="52,53,61,64,70,79,80,87,96,101,104,112,113,115" m="31008" machi="61" ten="40,5200,0" yaku="11,1,52,1,54,1" doraHai="122" who="2" fromWho="1" sc="347,0,308,-52,395,52,0,0" /><INIT seed="2,0,0,0,4,96" ten="347,256,447,0" oya="2" hai0="92,43,42,57,88,126,83,95,125,32,130,44,122" hai1="49,104,65,60,131,51,67,128,75,135,3,134,89" hai2="39,107,108,41,124,80,105,76,56,116,61,91,34" hai3=""/><V64/><F116/><T33/><N who="0" m="31264" /><T121/><N who="0" m="31008" /><T66/><D83/><U53/><E3/><V2/><F2/><T36/><D130/><N who="1" m="49707" /><E75/><V106/><F34/><T45/><D66/><N who="1" m="25099" /><E89/><V94/><F124/><N who="0" m="47722" /><D57/><U54/><E104/><V79/><F108/><T71/><D71/><U0/><E60/><V113/><F113/><T129/><D129/><U90/><E90/><V77/><F80/><T68/><D68/><U102/><E102/><V117/><F117/><T50/><D95/><U132/><E0/><V97/><F107/><T133/><D133/><U58/><E58/><V40/><F105/><T74/><D74/><U72/><E72/><V85/><F106/><T103/><D103/><U87/><E87/><AGARI ba="0,0" hai="32,33,36,42,43,44,45,50,87,88,92" m="47722,31008,31264" machi="87" ten="30,7700,0" yaku="18,1,52,2,54,1" doraHai="96" who="0" fromWho="1" sc="347,77,256,-77,447,0,0,0" /><INIT seed="4,0,0,4,5,94" ten="424,179,447,0" oya="0" hai0="130,61,114,57,85,84,134,117,43,121,80,88,103" hai1="89,77,119,91,135,126,78,63,131,64,45,116,34" hai2="132,95,113,86,47,56,74,72,124,41,50,46,62" hai3=""/><T69/><N who="0" m="31008" /><T2/><D117/><U51/><E34/><V71/><F113/><T79/><D2/><U48/><E126/><V83/><F124/><T108/><D114/><U92/><E131/><V55/><F132/><T67/><D130/><U59/><E135/><V54/><F95/><T35/><D134/><U65/><E45/><V93/><F93/><T99/><D35/><U87/><E116/><V0/><F0/><T123/><N who="0" m="31520" /><T68/><D108/><U52/><E119/><V102/><F102/><T33/><D33/><U125/><E125/><V40/><F71/><T104/><D43/><U106/><E106/><V73/><F47/><T32/><D32/><U122/><N who="1" m="31264" /><U70/><E65/><V39/><F39/><T118/><D118/><U101/><E101/><V110/><F110/><T129/><D129/><U36/><E36/><V53/><F41/><T97/><D97/><U105/><E105/><V58/><F58/><T112/><D112/><U90/><REACH who="1" step="1"/><E48/><REACH who="1" ten="424,169,447,0" step="2"/><V49/><F50/><T100/><REACH who="0" step="1"/><D103/><REACH who="0" ten="414,169,447,0" step="2"/><U37/><E37/><V38/><F38/><T76/><D76/><AGARI ba="0,2" hai="51,52,59,63,64,70,76,77,78,87,89,90,91,92" m="31264" machi="76" ten="40,5200,0" yaku="1,1,52,1,54,1,53,0" doraHai="94" doraHaiUra="127" who="1" fromWho="0" sc="414,-52,169,72,447,0,0,0" /><INIT seed="5,0,0,4,2,131" ten="362,241,447,0" oya="1" hai0="109,108,83,73,84,39,66,60,80,82,94,49,71" hai1="63,114,46,81,126,127,111,41,87,62,68,119,47" hai2="40,79,36,51,61,124,110,113,117,70,123,43,100" hai3=""/><U44/><E119/><V53/><N who="2" m="31520" /><V57/><F110/><T107/><D39/><U59/><E111/><V121/><N who="2" m="31008" /><V32/><F117/><T118/><D73/><U106/><E106/><V105/><F32/><T102/><D118/><U135/><E114/><V101/><F113/><T72/><D72/><U97/><E97/><V104/><F79/><T1/><D1/><U48/><E68/><V33/><F33/><T116/><D116/><U55/><E41/><V52/><F124/><N who="1" m="47657" /><E135/><V88/><F104/><T95/><D107/><U120/><N who="1" m="30752" /><U42/><E42/><N who="2" m="15915" /><F36/><T67/><D102/><U34/><E34/><V133/><F70/><T0/><D71/><U92/><E92/><V38/><F38/><T78/><D95/><U58/><E58/><V86/><F133/><T134/><D134/><U125/><N who="1" m="47665" /><U130/><DORA hai="103" /><E130/><V99/><F99/><T90/><D109/><U3/><E3/><V35/><F35/><T64/><D108/><U122/><N who="1" m="31264" /><U45/><N who="1" m="11264" /><DORA hai="91" /><U132/><E132/><V115/><F115/><T112/><D0/><U75/><E75/><V50/><F105/><T56/><D112/><U2/><E2/><V98/><F98/><T54/><D78/><AGARI ba="0,0" hai="48,55,59,62,63,78,81,87" m="11264,31264,30752,47665" machi="78" ten="60,11600,0" yaku="18,1,52,2" doraHai="131,103,91" who="1" fromWho="0" sc="362,-116,241,116,447,0,0,0" /><INIT seed="5,1,0,1,0,56" ten="246,357,447,0" oya="1" hai0="53,99,126,55,135,67,60,65,2,101,51,71,132" hai1="111,35,109,94,127,74,62,32,64,97,63,105,72" hai2="86,120,69,103,52,80,125,123,133,43,38,42,98" hai3=""/><U124/><E105/><V114/><N who="2" m="30752" /><V46/><N who="2" m="31520" /><V3/><F3/><T1/><D126/><N who="1" m="48171" /><E72/><V83/><F125/><T75/><D75/><U100/><E74/><V107/><F133/><T85/><D85/><U129/><E129/><V82/><F69/><T122/><N who="0" m="31264" /><T134/><D65/><U45/><E45/><V44/><F114/><T110/><D110/><N who="1" m="41995" /><E63/><V108/><F52/><N who="0" m="20042" /><D51/><U33/><E33/><V40/><F108/><T54/><N who="0" m="20050" /><T93/><AGARI ba="1,0" hai="1,2,60,67,71,93,99,101,132,134,135" m="20050,31264" machi="93" ten="40,6000,1" yaku="4,1,20,1,52,2,54,1" doraHai="56" who="0" fromWho="0" sc="246,62,357,-41,447,-21,0,0" /><INIT seed="6,0,0,4,1,58" ten="308,316,426,0" oya="2" hai0="117,81,40,48,118,100,105,127,76,131,50,116,55" hai1="114,128,38,126,92,121,65,85,42,109,130,103,45" hai2="32,102,107,95,115,57,61,33,97,112,49,120,46" hai3=""/><V90/><N who="2" m="30752" /><V0/><F0/><T71/><D71/><U135/><N who="1" m="31008" /><U73/><E73/><V98/><F112/><T35/><D35/><U94/><E109/><V1/><F115/><T51/><D131/><N who="1" m="50219" /><E114/><V134/><F134/><T47/><D127/><U36/><E126/><V93/><F107/><T99/><REACH who="0" step="1"/><D40/><REACH who="0" ten="298,316,426,0" step="2"/><U110/><E135/><V56/><F1/><T70/><D70/><U52/><E110/><V60/><F33/><T67/><D67/><U124/><E65/><V39/><F32/><T78/><D78/><U68/><E68/><V82/><F39/><T77/><D77/><U88/><E124/><V72/><F72/><AGARI ba="0,1" hai="47,48,50,51,55,72,76,81,99,100,105,116,117,118" machi="72" ten="40,8000,1" yaku="1,1,53,3" doraHai="58" doraHaiUra="44" who="0" fromWho="2" sc="298,90,316,0,426,-80,0,0" /><INIT seed="8,0,0,5,1,132" ten="388,316,346,0" oya="0" hai0="120,113,32,65,92,96,35,2,73,52,78,36,70" hai1="48,64,129,119,107,81,69,51,111,99,3,130,126" hai2="56,102,46,68,60,0,87,54,121,53,66,122,106" hai3=""/><T44/><N who="0" m="30752" /><T63/><D113/><U71/><E3/><V83/><N who="2" m="31008" /><V105/><N who="2" m="31264" /><V134/><F0/><T74/><D2/><U93/><E111/><V47/><F134/><T125/><D125/><U133/><E133/><V49/><F102/><T114/><D114/><U88/><E119/><V103/><F103/><T34/><D78/><U76/><E107/><V40/><F47/><T117/><D117/><U58/><E126/><V101/><F101/><T86/><D86/><U79/><E79/><V95/><F95/><T115/><D115/><U82/><E82/><V97/><F97/><T123/><N who="0" m="31520" /><T85/><D85/><U59/><E71/><V104/><REACH who="2" step="1"/><F68/><REACH who="2" ten="388,316,336,0" step="2"/><T109/><D96/><U98/><E98/><V1/><F1/><T110/><D92/><U50/><E69/><V57/><F57/><T43/><D110/><U124/><E124/><V127/><F127/><T33/><D109/><U94/><E94/><V61/><F61/><T55/><D32/><U116/><E116/><V39/><F39/><T90/><D33/><U89/><E59/><V135/><F135/><T91/><D34/><U72/><E99/><V77/><AGARI ba="0,1" hai="40,46,49,53,54,56,60,66,77,83,87,104,105,106" m="31264,31008" machi="77" ten="30,5900,0" yaku="1,1,0,1,52,2,53,0" doraHai="132" doraHaiUra="131" who="2" fromWho="2" sc="388,-39,316,-20,336,69,0,0" owari="349,-5.0,296,-30.0,405,35.0,0,0.0" /></mjloggm>