<mjloggm ver="2.3"><GO type="169" lobby="0"/><UN n0="%E2%80%A0%E7%99%BD%E5%85%8E%E2%80%A0" n1="%E3%81%A1%E3%82%83%E3%81%93%E3%81%93" n2="%E5%AF%8C%E7%8C%AB%E3%83%88%E3%83%BC%E3%83%9E%E3%82%B9" n3="%E6%B0%B4%E5%93%89%E3%81%AE%E3%83%AC%E3%82%B8%E3%82%A7%E3%83%B3%E3%83%89" dan="17,16,16,16" rate="2192.11,2104.64,2088.98,2147.12" sx="M,F,M,M"/><TAIKYOKU oya="0"/><INIT seed="0,0,0,1,3,86" ten="250,250,250,250" oya="0" hai0="51,99,1,93,47,108,35,122,53,3,120,87,132" hai1="54,2,45,88,49,69,102,32,14,55,61,25,37" hai2="103,4,128,115,118,133,72,21,63,130,52,71,98" hai3="24,30,116,42,17,11,114,126,64,80,127,12,81"/><T125/><D35/><U50/><E2/><V43/><F115/><W34/><G114/><T107/><D132/><U6/><E102/><V7/><F72/><W0/><G116/><T124/><D107/><U123/><E37/><V100/><F43/><W73/><G64/><T31/><D31/><U8/><E123/><V20/><F71/><W33/><G42/><T82/><D120/><U111/><E111/><V95/><F103/><W134/><G73/><T109/><D122/><U78/><E78/><V46/><F133/><W129/><G134/><T85/><D85/><U83/><E32/><V9/><F118/><W19/><G81/><T74/><D74/><U40/><E25/><V94/><F94/><W22/><G80/><T39/><D39/><U92/><E83/><V65/><F65/><W60/><G60/><T41/><D41/><U23/><E23/><N who="2" m="8779" /><F9/><W110/><G110/><N who="0" m="42603" /><D99/><N who="1" m="57735" /><E69/><V77/><F77/><W36/><G36/><T58/><D93/><U105/><E105/><V66/><F66/><W5/><G129/><N who="2" m="49769" /><F63/><W106/><G106/><T18/><D3/><U96/><E61/><V76/><F76/><W68/><G68/><T97/><D1/><U135/><E135/><V119/><F119/><W59/><G34/><T56/><D97/><U28/><E96/><V117/><F117/><W27/><G59/><T104/><D104/><U75/><E75/><V62/><F62/><W48/><G48/><AGARI ba="0,0" hai="4,7,46,48,52,95,98,100" m="49769,8779" machi="48" ten="30,2000,0" yaku="19,1,54,1" doraHai="86" who="2" fromWho="3" sc="250,0,250,0,250,20,250,-20" /><INIT seed="1,0,0,2,4,58" ten="250,250,270,230" oya="1" hai0="61,40,86,64,93,23,20,33,3,55,114,77,121" hai1="100,1,88,17,126,27,30,31,106,11,109,13,34" hai2="91,130,49,32,44,39,28,116,47,69,79,84,120" hai3="89,124,43,26,29,52,10,66,131,117,15,57,54"/><U87/><E126/><V122/><F116/><W36/><G124/><T108/><D114/><U96/><E109/><V68/><F79/><W101/><G117/><T112/><D112/><U67/><E1/><V132/><F130/><W76/><G131/><T97/><D108/><U95/><E30/><V83/><F132/><W78/><G101/><T113/><D33/><U72/><E67/><V123/><F28/><W127/><G127/><T7/><D113/><U104/><REACH who="1" step="1"/><E72/><REACH who="1" ten="250,240,270,230" step="2"/><V53/><F32/><W6/><G66/><T115/><D3/><U102/><E102/><V99/><F123/><W48/><G29/><T46/><D64/><U110/><E110/><V98/><F122/><W134/><G134/><T65/><D65/><U81/><AGARI ba="0,1" hai="11,13,17,27,31,34,81,87,88,95,96,100,104,106" machi="81" ten="20,7800,0" yaku="1,1,0,1,7,1,54,1,53,0" doraHai="58" doraHaiUra="60" who="1" fromWho="1" sc="250,-26,240,88,270,-26,230,-26" /><INIT seed="1,1,0,4,4,17" ten="224,328,244,204" oya="1" hai0="58,35,38,98,130,113,23,37,47,88,118,20,28" hai1="125,41,119,15,127,67,124,32,134,4,135,31,76" hai2="39,10,111,85,104,24,51,63,102,55,93,70,92" hai3="99,59,78,116,1,115,36,105,103,8,108,60,101"/><U86/><E119/><V30/><F39/><W91/><G115/><T94/><D113/><U72/><E41/><V29/><F111/><W50/><G116/><T95/><D118/><U110/><E67/><V96/><F10/><W68/><G36/><T43/><D130/><U22/><E72/><V74/><F30/><W79/><G108/><T73/><D73/><U84/><E110/><V126/><F74/><W122/><G122/><T62/><D38/><U12/><E32/><V0/><F0/><W87/><G103/><T83/><D83/><N who="1" m="47207" /><E86/><V133/><F133/><N who="1" m="50697" /><E4/><V123/><F123/><W34/><G34/><T69/><D69/><U48/><E48/><V2/><F2/><W11/><G68/><T64/><REACH who="0" step="1"/><D95/><REACH who="0" ten="214,328,244,204" step="2"/><U6/><E6/><V44/><F92/><W97/><G105/><T13/><D13/><U131/><E131/><V7/><F93/><W81/><G1/><T33/><D33/><U121/><E121/><V66/><F70/><W128/><G128/><T114/><D114/><U56/><E56/><V65/><F7/><W45/><G59/><T106/><D106/><U46/><E46/><V25/><F44/><W40/><G45/><T16/><D16/><N who="1" m="10503" /><E15/><V107/><F107/><W57/><G57/><T21/><D21/><U71/><E71/><V75/><F104/><W18/><G81/><T90/><D90/><U19/><E19/><V129/><F129/><W82/><G18/><T54/><D54/><U53/><E53/><V109/><F55/><W52/><G82/><T5/><D5/><U117/><E117/><V120/><F120/><W42/><G52/><RYUUKYOKU ba="1,1" sc="214,15,328,15,244,-15,204,-15" hai0="20,23,28,35,37,43,47,58,62,64,88,94,98" hai1="31,124,125,127" /><INIT seed="1,2,1,5,1,95" ten="229,343,229,189" oya="1" hai0="131,37,47,76,123,23,21,39,114,54,117,91,34" hai1="101,82,68,6,27,62,13,122,108,17,127,83,73" hai2="0,79,118,88,40,56,50,105,19,75,81,103,124" hai3="67,38,24,53,57,1,115,3,29,92,84,135,80"/><U109/><E122/><V12/><F118/><W7/><G135/><T77/><D117/><U33/><E127/><V63/><F124/><W86/><G115/><T49/><D34/><U104/><E6/><V128/><F128/><W51/><G38/><T66/><D114/><U22/><E68/><V90/><F0/><W26/><G67/><T100/><D100/><U99/><E62/><V70/><F70/><W106/><G106/><T35/><D35/><U107/><E107/><V55/><F103/><W64/><G64/><T78/><D131/><U85/><E73/><V134/><F105/><W45/><G7/><T4/><D123/><U125/><E125/><V69/><F134/><W52/><G24/><T43/><D66/><U74/><E74/><V10/><F69/><W46/><G92/><T72/><D72/><U42/><E42/><V112/><F112/><W44/><G53/><T61/><D4/><U94/><E94/><V133/><F133/><W121/><G84/><T65/><D91/><U15/><E83/><V87/><F75/><W58/><G58/><N who="0" m="33103" /><D39/><U20/><E33/><V41/><F41/><W9/><G9/><T48/><D48/><U71/><E71/><AGARI ba="2,1" hai="21,23,37,43,47,61,65,71,76,77,78" m="33103" machi="71" ten="30,1000,0" yaku="24,1" doraHai="95" who="0" fromWho="1" sc="229,26,343,-16,229,0,189,0" /><INIT seed="2,0,0,3,0,1" ten="255,327,229,189" oya="2" hai0="98,7,56,124,9,86,27,45,70,5,35,132,16" hai1="25,0,50,97,49,134,73,12,129,128,55,33,18" hai2="76,111,103,44,71,88,62,38,53,114,37,72,10" hai3="123,80,126,96,51,52,19,102,67,109,32,100,113"/><V119/><F114/><W21/><G123/><T54/><D70/><U95/><E73/><V135/><F119/><W15/><G113/><T120/><D120/><U74/><E74/><V28/><F103/><W87/><G109/><T24/><D35/><U89/><E0/><V14/><F111/><W30/><G126/><T46/><D124/><U106/><E134/><V107/><F107/><W99/><G67/><T39/><D98/><U60/><E106/><V69/><F28/><W23/><G32/><T90/><D39/><U118/><E118/><V58/><F135/><W64/><G64/><T112/><D112/><U77/><E77/><V78/><F78/><W101/><G30/><T59/><D59/><N who="1" m="34943" /><E33/><V131/><F131/><N who="1" m="50249" /><E25/><N who="0" m="9801" /><D132/><U110/><E110/><V11/><F11/><AGARI ba="0,0" hai="11,12,18,49,50,89,95,97" m="50249,34943" machi="11" ten="30,1000,0" yaku="19,1" doraHai="1" who="1" fromWho="2" sc="255,0,327,10,229,-10,189,0" /><INIT seed="3,0,0,3,3,59" ten="255,337,219,189" oya="3" hai0="20,97,76,41,115,52,70,125,89,100,104,110,35" hai1="19,77,126,23,9,34,46,82,7,16,78,1,39" hai2="79,26,114,15,53,96,101,109,72,33,40,17,18" hai3="90,116,62,54,51,113,12,25,43,37,64,48,3"/><W29/><G113/><T60/><D35/><U10/><E34/><V88/><F114/><W134/><G116/><T66/><D115/><U21/><E126/><V132/><F109/><W108/><G3/><T58/><D110/><U6/><E39/><V87/><F132/><W107/><G108/><T30/><D125/><U42/><E42/><V49/><F40/><W124/><G124/><T102/><D41/><U121/><E46/><V99/><F79/><W127/><G127/><T103/><D76/><U98/><E98/><V129/><F72/><W50/><G134/><T45/><D45/><U22/><E121/><V105/><F129/><W65/><G107/><T32/><D20/><U5/><E78/><V91/><F33/><W84/><G37/><T122/><D89/><U8/><REACH who="1" step="1"/><E1/><REACH who="1" ten="255,327,219,189" step="2"/><V128/><F99/><W95/><G43/><T57/><D122/><U83/><E83/><V111/><F111/><W69/><G12/><T117/><D117/><U2/><E2/><V74/><F74/><AGARI ba="0,1" hai="5,6,7,8,9,10,16,19,21,22,23,74,77,82" machi="74" ten="50,8000,1" yaku="1,1,29,2,54,1,53,0" doraHai="59" doraHaiUra="118" who="1" fromWho="2" sc="255,0,327,90,219,-80,189,0" /><INIT seed="4,0,0,4,1,94" ten="255,417,139,189" oya="0" hai0="21,35,118,112,60,29,71,88,98,64,110,0,25" hai1="16,42,49,84,58,23,89,3,55,17,45,76,85" hai2="131,135,20,116,78,69,37,129,40,70,9,103,57" hai3="133,130,77,66,13,121,114,115,19,95,8,124,43"/><T65/><D118/><U6/><E76/><V10/><F116/><W109/><G109/><T4/><D112/><U74/><E74/><V52/><F135/><W46/><G133/><T81/><D65/><U106/><E106/><V96/><F78/><W51/><G130/><N who="2" m="49673" /><F20/><W86/><G124/><T99/><D110/><U39/><E23/><V82/><F82/><W53/><G121/><T72/><D21/><U2/><E84/><V38/><F10/><W73/><G66/><T56/><D71/><N who="2" m="27146" /><F40/><W30/><G30/><T127/><D127/><U1/><E6/><V28/><F28/><W62/><G73/><T105/><D105/><U14/><REACH who="1" step="1"/><E14/><REACH who="1" ten="255,407,139,189" step="2"/><V119/><F119/><W132/><G132/><T27/><D72/><U36/><E36/><V34/><F34/><W126/><G126/><T101/><D4/><U31/><E31/><V123/><F123/><W33/><G33/><T32/><D32/><U80/><AGARI ba="0,1" hai="1,2,3,16,17,39,42,45,49,55,58,80,85,89" machi="80" ten="30,4000,0" yaku="1,1,0,1,54,1,53,0" doraHai="94" doraHaiUra="22" who="1" fromWho="1" sc="255,-20,407,50,139,-10,189,-10" /><INIT seed="5,0,0,5,4,51" ten="235,457,129,179" oya="1" hai0="22,86,113,99,104,50,61,20,67,4,112,59,40" hai1="68,78,6,43,124,47,42,108,57,71,109,70,49" hai2="120,11,126,133,10,14,134,79,132,32,33,35,81" hai3="45,82,127,76,102,21,129,130,44,8,87,62,107"/><U128/><E78/><V3/><F120/><W66/><G127/><T75/><D75/><U110/><E124/><V94/><F126/><W96/><G8/><T105/><D4/><U17/><E6/><V69/><F69/><W30/><G30/><T101/><D104/><U27/><E128/><V111/><F111/><W89/><G21/><T2/><D2/><U98/><E98/><V63/><F3/><W103/><G103/><T125/><D125/><U84/><E84/><V91/><F63/><W41/><G76/><T13/><D13/><U5/><E5/><V131/><F131/><N who="3" m="50187" /><G41/><T74/><D74/><U123/><E123/><V97/><REACH who="2" step="1"/><F14/><REACH who="2" ten="235,457,119,179" step="2"/><W60/><G62/><T26/><D61/><U65/><E108/><V25/><F25/><W9/><G9/><T93/><D26/><U116/><E27/><V90/><F90/><W52/><G66/><T119/><D67/><U122/><E109/><V39/><F39/><W95/><G107/><T46/><D105/><U100/><E110/><V0/><F0/><W106/><G106/><T80/><D101/><U55/><E65/><V53/><F53/><W36/><G36/><T92/><D40/><U135/><E43/><V73/><AGARI ba="0,1" hai="10,11,32,33,35,73,79,81,91,94,97,132,133,134" machi="73" ten="40,12000,2" yaku="1,1,0,1,20,1,53,3" doraHai="51" doraHaiUra="28" who="2" fromWho="2" sc="235,-30,457,-60,119,130,179,-30" /><INIT seed="6,0,0,1,3,62" ten="205,397,249,149" oya="2" hai0="64,130,90,6,42,14,102,33,67,124,63,95,19" hai1="91,83,27,122,135,20,109,26,107,120,38,111,129" hai2="87,106,2,84,37,118,82,52,94,57,48,17,98" hai3="66,112,115,49,85,105,101,28,110,32,41,10,3"/><V86/><F118/><W123/><G110/><T80/><D33/><U45/><E107/><V51/><F37/><W5/><G123/><N who="1" m="47146" /><E135/><V40/><F106/><W35/><G85/><N who="0" m="50471" /><D6/><U58/><E129/><V34/><F34/><W69/><G49/><T76/><D76/><U77/><E91/><V31/><F31/><W18/><G18/><T88/><D102/><U23/><E58/><V103/><F2/><W119/><G41/><T126/><D42/><N who="1" m="22743" /><E23/><V92/><F17/><W74/><G74/><T133/><D63/><U93/><E93/><V9/><F9/><W100/><G100/><T117/><D117/><U131/><E131/><V8/><F8/><W30/><G119/><T60/><D60/><U89/><E89/><V12/><F12/><W127/><G127/><N who="0" m="48683" /><D133/><U54/><E26/><V50/><F94/><W125/><G125/><T44/><D44/><U46/><E46/><N who="2" m="25671" /><F50/><W108/><G108/><T104/><D104/><U75/><E27/><V39/><F39/><W73/><G73/><T70/><D70/><U13/><E13/><V132/><F132/><W114/><G32/><T4/><D4/><U61/><E20/><V55/><F55/><W53/><G53/><T72/><D72/><U79/><E54/><V99/><F99/><N who="3" m="61631" /><G35/><T134/><D134/><U25/><E25/><V43/><F43/><W21/><G21/><N who="0" m="11511" /><D130/><U78/><E75/><V116/><F116/><W11/><G11/><T24/><D24/><U71/><E83/><AGARI ba="0,0" hai="51,52,57,82,83,84,86,87,92,98,103" m="25671" machi="83" ten="30,2900,0" yaku="8,1,54,1" doraHai="62" who="2" fromWho="1" sc="205,0,397,-29,249,29,149,0" /><INIT seed="6,1,0,5,2,47" ten="205,368,278,149" oya="2" hai0="113,91,15,132,54,72,105,97,95,8,123,106,65" hai1="46,48,107,39,55,62,44,11,86,22,42,80,9" hai2="32,100,74,64,41,114,110,71,28,94,56,112,30" hai3="122,61,66,135,127,79,128,0,10,53,16,88,27"/><V59/><F74/><W104/><G122/><T87/><D123/><U43/><E107/><V92/><F110/><W99/><G128/><T20/><D72/><U14/><E62/><V45/><F71/><W36/><G36/><T89/><D65/><U12/><E55/><V19/><F19/><W52/><G135/><T90/><D113/><N who="2" m="43626" /><F32/><W126/><G79/><T96/><D20/><U111/><E111/><V60/><F59/><N who="3" m="37183" /><G104/><T34/><D34/><U84/><E22/><V1/><F1/><W83/><G0/><T31/><D31/><N who="2" m="11818" /><F100/><W37/><G37/><AGARI ba="1,0" hai="37,41,45,56,60,64,92,94" m="11818,43626" machi="37" ten="30,1500,0" yaku="15,1" doraHai="47" who="2" fromWho="3" sc="205,0,368,0,278,18,149,-18" /><INIT seed="6,2,0,0,3,56" ten="205,368,296,131" oya="2" hai0="12,41,114,19,127,95,134,100,6,108,126,64,106" hai1="23,62,13,9,109,80,110,75,113,3,53,7,8" hai2="32,15,28,122,16,123,79,71,97,133,124,47,115" hai3="129,31,66,40,26,83,120,45,14,132,125,104,69"/><V99/><F115/><W58/><G120/><T73/><D108/><U17/><E113/><V49/><F71/><W0/><G0/><T50/><D73/><U77/><REACH who="1" step="1"/><E8/><REACH who="1" ten="205,358,296,131" step="2"/><V2/><F123/><W90/><G129/><T92/><D114/><U35/><E35/><V101/><F32/><W135/><G135/><T81/><D134/><U60/><E60/><V42/><F122/><W55/><G132/><T52/><D127/><U65/><E65/><V36/><F124/><W82/><G125/><T107/><D64/><U51/><E51/><V102/><F36/><W130/><G130/><T48/><D50/><U4/><E4/><V121/><F121/><W70/><G66/><T112/><D6/><U38/><E38/><V1/><F133/><W44/><G70/><T105/><D48/><U57/><AGARI ba="2,1" hai="3,7,9,13,17,23,53,57,62,75,77,80,109,110" machi="57" ten="30,4000,0" yaku="1,1,0,1,52,1,53,0" doraHai="56" doraHaiUra="103" who="1" fromWho="1" sc="205,-12,358,56,296,-22,131,-12" /><INIT seed="7,0,0,5,5,94" ten="193,414,274,119" oya="3" hai0="19,39,124,18,16,81,109,117,125,130,9,113,59" hai1="17,90,131,121,98,96,68,5,122,29,51,132,24" hai2="6,27,119,23,14,74,58,45,33,127,47,53,50" hai3="31,61,116,115,11,22,112,30,44,37,72,110,54"/><W105/><G116/><T49/><D109/><U1/><E68/><V43/><F119/><W62/><G110/><T60/><D117/><U46/><E131/><V12/><F74/><W82/><G105/><T84/><D39/><U67/><E96/><V66/><F127/><N who="0" m="48714" /><D130/><U77/><E67/><V123/><F33/><W102/><G102/><T120/><D49/><U93/><E132/><V78/><F78/><W107/><G107/><T28/><D28/><U10/><E77/><V95/><F6/><W103/><G103/><T63/><D120/><U25/><E17/><N who="0" m="6761" /><D59/><U101/><E101/><V129/><F129/><W15/><G72/><T128/><D113/><N who="3" m="43593" /><G82/><T13/><D128/><U34/><E24/><V56/><F123/><W32/><G32/><T86/><D86/><U92/><E92/><V126/><F95/><W135/><G135/><T4/><D4/><U83/><E83/><V42/><F126/><W7/><G22/><T3/><D3/><U89/><E89/><AGARI ba="0,0" hai="9,13,19,60,63,81,84,89" m="6761,48714" machi="89" ten="30,2000,0" yaku="18,1,54,1" doraHai="94" who="0" fromWho="1" sc="193,20,414,-20,274,0,119,0" owari="213,-19.0,394,50.0,274,7.0,119,-38.0" /></mjloggm>