<mjloggm ver="2.3"><GO type="169" lobby="0"/><UN n0="%E3%81%B4%E3%83%BC%E3%81%8A%E3%81%8B" n1="%63%6F%62%65%68%6F%70%65" n2="%E3%82%B5%E3%83%A9%E3%83%90%21" n3="%6B%69%79%6F%6E%61%72%69" dan="16,16,16,16" rate="2142.02,2154.97,2106.95,2086.10" sx="M,M,M,M"/><TAIKYOKU oya="0"/><INIT seed="0,0,0,2,5,59" ten="250,250,250,250" oya="0" hai0="29,92,78,55,23,14,101,9,61,115,20,37,127" hai1="8,46,99,79,96,134,3,31,106,112,44,119,30" hai2="48,117,116,113,123,47,57,105,93,16,130,42,19" hai3="118,52,103,76,10,74,81,108,41,95,121,27,24"/><T84/><D115/><U110/><E119/><N who="2" m="45643" /><F105/><W67/><G118/><T58/><D37/><U17/><E106/><V1/><F123/><W28/><G121/><T2/><D127/><U4/><E112/><V18/><F113/><W49/><G108/><T22/><D2/><U11/><E110/><V94/><F1/><W87/><G41/><T13/><D29/><U63/><E134/><V80/><F130/><W54/><G67/><T124/><D124/><U98/><E79/><V45/><F45/><W100/><G54/><T7/><D78/><U114/><E114/><V72/><F57/><W111/><G10/><T26/><D26/><U88/><E44/><V0/><F0/><W71/><G71/><T35/><D35/><U104/><E46/><V131/><F131/><W125/><G111/><T122/><D122/><U129/><E104/><V66/><F66/><W65/><G65/><T70/><D70/><U128/><E129/><V132/><F132/><W126/><G27/><T135/><D135/><U73/><E73/><V83/><F72/><W77/><G77/><T85/><REACH who="0" step="1"/><D13/><REACH who="0" ten="240,250,250,250" step="2"/><N who="1" m="5255" /><E128/><V56/><F56/><W102/><G126/><T75/><D75/><U62/><E3/><V50/><F50/><W40/><G125/><T38/><D38/><U90/><E31/><V91/><F42/><W133/><G40/><T51/><D51/><U5/><E30/><V32/><F32/><N who="3" m="20487" /><G133/><T120/><D120/><U43/><E43/><V25/><F25/><W36/><G36/><T82/><D82/><U69/><E69/><V53/><F83/><W33/><G33/><T68/><D68/><RYUUKYOKU ba="0,1" sc="240,15,250,-15,250,15,250,-15" hai0="7,9,14,20,22,23,55,58,61,84,85,92,101" hai2="16,18,19,47,48,53,80,91,93,94" /><INIT seed="0,1,1,0,0,125" ten="255,235,265,235" oya="0" hai0="86,45,20,130,28,51,71,34,116,5,131,17,39" hai1="35,10,91,44,14,62,98,87,12,118,99,78,4" hai2="59,80,58,40,18,19,75,102,126,79,122,0,38" hai3="50,21,70,120,69,68,27,103,109,8,77,41,11"/><T110/><D116/><U15/><E118/><V90/><F122/><W29/><G120/><T127/><D127/><U47/><E35/><V57/><F126/><W52/><G41/><T134/><D71/><U132/><E132/><V16/><F0/><W76/><G103/><T111/><D134/><U48/><E62/><V117/><F117/><W73/><G109/><N who="0" m="41483" /><D39/><U33/><E33/><V65/><F102/><W55/><G55/><N who="0" m="30191" /><D5/><U123/><E47/><V101/><F101/><W105/><G105/><T119/><D119/><U7/><E7/><V106/><F106/><W25/><G70/><T9/><D9/><U113/><E113/><V92/><F65/><W93/><G11/><T72/><D72/><U46/><E46/><V54/><F40/><W26/><G8/><T82/><D28/><U135/><E135/><V95/><F38/><W115/><G73/><T124/><D34/><U42/><E123/><V89/><REACH who="2" step="1"/><F54/><REACH who="2" ten="255,235,255,235" step="2"/><W96/><G52/><T67/><D67/><U97/><REACH who="1" step="1"/><E78/><REACH who="1" ten="255,225,255,235" step="2"/><V85/><F85/><W6/><G77/><N who="0" m="46415" /><D124/><U60/><E60/><V121/><F121/><W36/><G76/><T107/><D107/><U112/><E112/><V114/><F114/><W66/><G115/><T94/><D94/><AGARI ba="1,3" hai="4,10,12,14,15,42,44,48,87,91,94,97,98,99" machi="94" ten="40,2600,0" yaku="1,1,8,1,53,0" doraHai="125" doraHaiUra="30" who="1" fromWho="0" sc="255,-29,225,59,255,0,235,0" /><AGARI ba="1,0" hai="16,18,19,57,58,59,75,79,80,89,90,92,94,95" machi="94" ten="40,2600,0" yaku="1,1,54,1,53,0" doraHai="125" doraHaiUra="30" who="2" fromWho="0" sc="226,-26,284,0,255,26,235,0" /><INIT seed="1,0,0,3,2,117" ten="200,284,281,235" oya="1" hai0="43,87,72,98,65,53,34,79,46,94,120,20,29" hai1="28,19,129,13,51,108,1,10,105,73,0,36,96" hai2="110,37,74,6,31,16,58,35,70,68,97,18,24" hai3="71,114,17,130,61,41,7,133,52,107,103,126,76"/><U14/><E36/><V109/><F74/><W124/><G41/><T122/><D34/><U39/><E39/><V75/><F75/><W77/><G7/><T116/><D116/><U78/><E28/><V131/><F37/><W83/><G114/><T106/><D65/><U62/><E129/><V134/><F131/><W111/><G130/><T128/><D53/><U86/><E73/><V42/><F42/><W104/><G111/><N who="2" m="42505" /><F134/><W32/><G32/><T23/><D128/><U54/><E108/><V99/><F6/><W49/><G103/><N who="0" m="62839" /><D29/><U30/><E30/><V26/><F58/><W135/><G17/><N who="2" m="6761" /><F26/><W102/><G71/><AGARI ba="0,0" hai="24,31,35,68,70,71,97,99" m="6761,42505" machi="71" ten="30,2000,0" yaku="14,1,54,1" doraHai="117" who="2" fromWho="3" sc="200,0,284,0,281,20,235,-20" /><INIT seed="2,0,0,0,0,68" ten="200,284,301,215" oya="2" hai0="61,18,5,35,123,63,42,23,130,53,78,110,67" hai1="127,71,134,25,122,26,36,32,128,29,103,129,64" hai2="135,86,91,19,95,60,66,20,14,15,2,108,107" hai3="54,0,109,45,13,89,106,100,49,17,16,51,126"/><V111/><F2/><W113/><G0/><T56/><D123/><U52/><E122/><V93/><F107/><W24/><G109/><N who="2" m="42057" /><F135/><W72/><G72/><T80/><D35/><U73/><E134/><V97/><F15/><W39/><G126/><T99/><D5/><U11/><E73/><V22/><F22/><W3/><G3/><T79/><D130/><N who="1" m="50283" /><E127/><V88/><F60/><W65/><G65/><AGARI ba="0,0" hai="14,19,20,65,66,86,88,91,93,95,97" m="42057" machi="65" ten="30,5800,0" yaku="14,1,10,1,54,1" doraHai="68" who="2" fromWho="3" sc="200,0,284,0,301,58,215,-58" /><INIT seed="2,1,0,0,5,65" ten="200,284,359,157" oya="2" hai0="50,124,76,49,63,27,33,91,57,30,41,96,121" hai1="21,10,116,16,34,81,71,19,40,114,128,43,51" hai2="44,67,26,17,61,64,59,109,87,100,69,32,111" hai3="14,122,45,58,9,5,95,88,101,106,75,110,73"/><V31/><F100/><W119/><G122/><T90/><D121/><U82/><E114/><V38/><F17/><W56/><G119/><T60/><D124/><U120/><E116/><V133/><F133/><W113/><G113/><T46/><D76/><U4/><E34/><V54/><F87/><W83/><G110/><N who="2" m="41993" /><F69/><W23/><G45/><T86/><D96/><U36/><E120/><V2/><F2/><W53/><G58/><T108/><D108/><U132/><E132/><V126/><F126/><W105/><G23/><T7/><D7/><U52/><E71/><V12/><F12/><W127/><G127/><T18/><D18/><U15/><E128/><V85/><F85/><W24/><G24/><T42/><D42/><AGARI ba="1,0" hai="26,31,32,38,42,44,54,59,61,64,67" m="41993" machi="42" ten="30,2900,0" yaku="14,1,10,1" doraHai="65" who="2" fromWho="0" sc="200,-32,284,0,359,32,157,0" /><INIT seed="2,2,0,3,3,13" ten="168,284,391,157" oya="2" hai0="71,17,125,50,48,97,24,28,86,65,22,53,90" hai1="92,31,127,135,76,124,43,70,61,129,54,126,113" hai2="121,12,66,1,75,89,58,68,46,5,93,91,25" hai3="33,98,47,19,85,69,87,109,57,82,128,67,99"/><V37/><F121/><W39/><G69/><T10/><D125/><U41/><E31/><V32/><F75/><W95/><G33/><T4/><D97/><U84/><E113/><V118/><F118/><W2/><G2/><T106/><D106/><U108/><E108/><V62/><F1/><W133/><G109/><T6/><D71/><U73/><E73/><V134/><F134/><W79/><G133/><T83/><D65/><N who="1" m="41263" /><E135/><V60/><F32/><W27/><G128/><T119/><D119/><U23/><E129/><V88/><F25/><W123/><G123/><T34/><D10/><U29/><E54/><V7/><F93/><W107/><G107/><T132/><D132/><U130/><E130/><V42/><REACH who="2" step="1"/><F12/><REACH who="2" ten="168,284,381,157" step="2"/><W105/><G27/><T11/><D34/><U38/><E92/><V114/><F114/><W110/><G95/><T52/><D24/><N who="1" m="16543" /><E38/><V40/><F40/><W78/><G105/><T15/><D15/><U112/><E112/><V56/><F56/><W26/><G57/><T101/><D83/><AGARI ba="2,1" hai="41,43,76,83,84,124,126,127" m="16543,41263" machi="83" ten="30,1000,0" yaku="18,1" doraHai="13" who="1" fromWho="0" sc="168,-16,284,26,381,0,157,0" /><INIT seed="3,0,0,1,3,42" ten="152,310,381,157" oya="3" hai0="34,27,128,104,116,106,86,21,97,75,69,62,110" hai1="6,32,28,117,123,44,13,31,46,61,121,51,1" hai2="98,103,22,25,113,71,5,132,127,49,99,83,125" hai3="80,57,59,133,39,87,122,78,130,84,14,26,9"/><W124/><G122/><T79/><D116/><U120/><E1/><V47/><F113/><W20/><G39/><T18/><D110/><U24/><E117/><V118/><F118/><W3/><G3/><T112/><D128/><U40/><E31/><V105/><F71/><W53/><G130/><T41/><D34/><U4/><E13/><V100/><F5/><W94/><G133/><T76/><D112/><U55/><REACH who="1" step="1"/><E61/><REACH who="1" ten="152,300,381,157" step="2"/><V119/><F119/><W74/><G26/><T35/><D62/><U50/><AGARI ba="0,1" hai="4,6,24,28,32,40,44,46,50,51,55,120,121,123" machi="50" ten="40,8000,1" yaku="1,1,2,1,0,1,52,2,53,0" doraHai="42" doraHaiUra="89" who="1" fromWho="1" sc="152,-20,300,90,381,-20,157,-40" /><INIT seed="4,0,0,4,4,119" ten="132,390,361,117" oya="0" hai0="20,35,19,118,80,73,43,37,42,106,51,112,39" hai1="75,16,12,15,29,17,53,1,96,97,54,68,57" hai2="70,115,65,3,49,88,28,107,62,85,36,77,18" hai3="98,110,132,103,50,6,94,93,21,124,47,109,72"/><T105/><D118/><U90/><E68/><V128/><F36/><W104/><G6/><T69/><D69/><U22/><E75/><V59/><F115/><W38/><G38/><T25/><D112/><U8/><E1/><V120/><F120/><W55/><G72/><T114/><D114/><U44/><E29/><V122/><F122/><W84/><G132/><T121/><D121/><U27/><E15/><V64/><F107/><W32/><G32/><T2/><D2/><U82/><E54/><V40/><F3/><W46/><G124/><T116/><D35/><U71/><E71/><V14/><F28/><W86/><G47/><T89/><D51/><N who="1" m="28903" /><E57/><V91/><F128/><W117/><G117/><T34/><D34/><U95/><E82/><N who="2" m="47311" /><F64/><W113/><G113/><T63/><D73/><U99/><AGARI ba="0,0" hai="8,12,16,17,22,27,90,95,96,97,99" m="28903" machi="99" ten="30,2000,0" yaku="8,1,54,1" doraHai="119" who="1" fromWho="1" sc="132,-10,390,20,361,-5,117,-5" /><INIT seed="5,0,0,2,4,129" ten="122,410,356,112" oya="1" hai0="52,45,115,118,77,107,70,53,117,0,17,127,74" hai1="126,83,29,5,41,67,88,2,13,89,58,123,71" hai2="100,66,112,108,4,44,26,15,49,16,43,128,8" hai3="64,97,63,91,68,38,12,7,25,84,82,37,72"/><U27/><E123/><V47/><F108/><W121/><G121/><T104/><D70/><U65/><E2/><V40/><F128/><W42/><G42/><T131/><D131/><U102/><E71/><V120/><F120/><W11/><G72/><T110/><D0/><U35/><E126/><V78/><F112/><W51/><G51/><T24/><D110/><U134/><E134/><V114/><F114/><W135/><G135/><T28/><D115/><U109/><E109/><V81/><F100/><W73/><G73/><T55/><D17/><U6/><E41/><V3/><F66/><W133/><G133/><T113/><D113/><U59/><E102/><V62/><F62/><W30/><REACH who="3" step="1"/><G97/><REACH who="3" ten="122,410,356,102" step="2"/><T101/><D74/><U79/><E79/><V69/><F78/><W86/><G86/><T124/><D77/><U56/><E83/><V14/><F81/><W116/><G116/><T31/><D118/><U92/><E89/><V1/><F43/><W33/><AGARI ba="0,1" hai="7,11,12,25,30,33,37,38,63,64,68,82,84,91" machi="33" ten="20,2700,0" yaku="1,1,0,1,7,1,53,0" doraHai="129" doraHaiUra="106" who="3" fromWho="3" sc="122,-7,410,-13,356,-7,102,37" /><INIT seed="6,0,0,3,1,101" ten="115,397,349,139" oya="2" hai0="81,9,85,37,4,38,109,130,82,15,36,0,79" hai1="95,51,12,30,72,19,78,131,92,86,33,73,25" hai2="59,90,124,23,68,29,128,107,98,35,84,48,17" hai3="44,106,119,58,54,28,94,117,63,91,116,87,100"/><V76/><F68/><W50/><G28/><T93/><D109/><U45/><E131/><V13/><F128/><W108/><G108/><T53/><D130/><U96/><E92/><V70/><F70/><W129/><G129/><T80/><D93/><U123/><E123/><V34/><F124/><W6/><G6/><T32/><D32/><U21/><E86/><V125/><F125/><W16/><G16/><T127/><D127/><U1/><E78/><V111/><F111/><W122/><G122/><T132/><D132/><U104/><E104/><V134/><F134/><W52/><REACH who="3" step="1"/><G119/><REACH who="3" ten="115,397,349,129" step="2"/><T49/><REACH who="0" step="1"/><D0/><REACH who="0" ten="105,397,349,129" step="2"/><U18/><E1/><V71/><F35/><W24/><G24/><T11/><D11/><U3/><E3/><V113/><F34/><W2/><G2/><T102/><D102/><U75/><E33/><V55/><F113/><W120/><G120/><T65/><D65/><U61/><E12/><V62/><F13/><W43/><G43/><T64/><D64/><U46/><E25/><V103/><F103/><W41/><G41/><T110/><D110/><U83/><E21/><V7/><F23/><W105/><G105/><T31/><D31/><U77/><E30/><V97/><F29/><W40/><G40/><T39/><N who="0" m="9216" /><DORA hai="42" /><T121/><D121/><U8/><E8/><V27/><F107/><W20/><G20/><T89/><D89/><U115/><E115/><V69/><F90/><W114/><G114/><T26/><D26/><U118/><E19/><V57/><F17/><W5/><G5/><T47/><AGARI ba="0,2" hai="4,9,15,47,49,53,79,80,81,82,85" m="9216" machi="47" ten="60,7900,0" yaku="1,1,0,1,52,1,53,0" doraHai="101,42" doraHaiUra="22,60" who="0" fromWho="0" sc="105,99,397,-20,349,-39,129,-20" /><INIT seed="7,0,0,5,2,115" ten="204,377,310,109" oya="3" hai0="119,23,112,99,19,28,104,95,79,53,35,31,134" hai1="16,110,65,121,131,85,30,102,116,113,93,26,44" hai2="100,40,132,69,123,126,59,21,109,25,130,114,51" hai3="117,125,12,11,20,33,90,91,15,5,39,1,0"/><W133/><G39/><T101/><D119/><U74/><E110/><V73/><F109/><W76/><G76/><T7/><D134/><U127/><E74/><V43/><F69/><W86/><G33/><T106/><D112/><U54/><E121/><V18/><F132/><W63/><G133/><T42/><D42/><U98/><E113/><V56/><F114/><W17/><G117/><T72/><D7/><U96/><E116/><V22/><F123/><W78/><G125/><T38/><D38/><U29/><E131/><V124/><F73/><W13/><G63/><T45/><D45/><U77/><E65/><V83/><F130/><W60/><G1/><T94/><D53/><U36/><E98/><V92/><F83/><W8/><G60/><T87/><D95/><U75/><E75/><V70/><F70/><W62/><G62/><T108/><D106/><U46/><E46/><N who="2" m="26055" /><F43/><W135/><G135/><T6/><D6/><U71/><E71/><V97/><F22/><W4/><REACH who="3" step="1"/><G0/><REACH who="3" ten="204,377,310,99" step="2"/><T82/><D35/><U48/><E36/><V81/><F126/><W122/><G122/><T66/><D108/><U120/><E120/><V58/><F124/><W118/><G118/><T47/><D79/><U50/><E127/><V111/><F111/><W32/><G32/><T52/><D66/><U105/><E77/><V24/><F81/><AGARI ba="0,1" hai="4,5,8,11,12,13,15,17,20,78,81,86,90,91" machi="81" ten="40,7700,0" yaku="1,1,9,1,8,1,53,0" doraHai="115" doraHaiUra="107" who="3" fromWho="2" sc="204,0,377,0,310,-77,99,87" /><INIT seed="7,1,0,0,5,35" ten="204,377,233,186" oya="3" hai0="59,103,96,81,70,93,19,6,134,41,124,110,1" hai1="50,108,75,105,25,7,107,74,84,79,38,95,121" hai2="99,71,15,3,87,18,23,8,21,39,14,127,28" hai3="131,90,101,32,106,123,135,82,117,30,24,94,9"/><W53/><G117/><T54/><D110/><U78/><E38/><V118/><F118/><W20/><G123/><T83/><D70/><U0/><E50/><V65/><F39/><W43/><G43/><T97/><D41/><U114/><E0/><V40/><F40/><W115/><G115/><T126/><D134/><U116/><E25/><V113/><F113/><W80/><G135/><T13/><D96/><U89/><E7/><V17/><F127/><N who="0" m="48682" /><D1/><U2/><E2/><V55/><F55/><W42/><G42/><T61/><D6/><U109/><E114/><V44/><F44/><W125/><G125/><T63/><D63/><U76/><E116/><V120/><F120/><W68/><G68/><T48/><D61/><U98/><E121/><V102/><F3/><W58/><G131/><T72/><D72/><N who="1" m="27691" /><E98/><V12/><F71/><W10/><G106/><AGARI ba="1,0" hai="76,78,79,84,89,95,105,106,107,108,109" m="27691" machi="106" ten="40,2600,0" yaku="34,2" doraHai="35" who="1" fromWho="3" sc="204,0,377,29,233,0,186,-29" owari="204,-20.0,406,51.0,233,3.0,157,-34.0" /></mjloggm>