<mjloggm ver="2.3"><GO type="225" lobby="0"/><UN n0="%E5%A9%9A%E6%B4%BB%E7%94%9F%40%E5%B7%9D%E6%9D%91%E8%BB%8D%E5%9B%A3" n1="%E7%AD%91%E6%81%B5" n2="%E3%83%87%E3%83%8D%E3%83%9C%E3%83%A9" n3="%74%72%69%65%74%74%61" dan="17,17,17,16" rate="2242.11,2221.88,2235.00,2096.05" sx="M,F,M,M"/><TAIKYOKU oya="0"/><INIT seed="0,0,0,1,4,123" ten="250,250,250,250" oya="0" hai0="97,83,130,23,103,27,2,1,79,42,86,10,30" hai1="80,88,57,37,62,38,129,101,95,65,134,17,105" hai2="107,127,8,60,49,102,98,85,52,112,114,63,12" hai3="4,66,5,111,82,124,14,3,9,121,55,67,47"/><T45/><D130/><U33/><E129/><V109/><F127/><W74/><G124/><T93/><REACH who="0" step="1"/><D10/><REACH who="0" ten="240,250,250,250" step="2"/><U81/><E134/><V48/><F114/><W117/><G9/><T13/><D13/><U43/><E33/><V58/><F112/><W84/><G14/><T100/><D100/><U116/><E101/><V87/><F8/><W77/><G121/><T18/><D18/><U34/><E34/><V11/><F11/><W96/><G117/><T89/><D89/><U39/><E116/><V20/><F12/><W76/><G77/><T28/><D28/><U71/><E17/><V120/><F120/><W115/><G76/><T68/><D68/><U122/><E122/><V22/><F102/><W59/><G115/><T46/><D46/><U29/><E29/><V31/><F31/><W26/><G47/><T135/><D135/><U64/><E71/><V113/><F113/><W51/><G4/><T108/><D108/><U126/><E126/><V21/><F109/><W25/><G5/><T106/><D106/><U128/><E105/><V118/><F118/><W131/><G131/><T75/><D75/><U32/><E32/><V132/><F132/><W119/><G74/><T99/><D99/><U104/><E104/><V78/><F107/><W41/><G96/><T90/><D90/><U6/><E6/><V133/><F133/><W19/><G111/><T50/><AGARI ba="0,1" hai="1,2,23,27,30,42,45,50,79,83,86,93,97,103" machi="50" ten="20,3900,0" yaku="1,1,0,1,7,1,53,0" doraHai="123" doraHaiUra="125" who="0" fromWho="0" sc="240,49,250,-13,250,-13,250,-13" /><INIT seed="0,1,0,1,5,25" ten="289,237,237,237" oya="0" hai0="131,40,8,85,28,122,33,65,45,63,103,111,104" hai1="76,86,94,90,39,44,53,110,68,56,7,4,75" hai2="118,107,97,123,89,52,24,66,133,119,43,87,95" hai3="22,127,35,96,62,9,117,20,98,100,14,11,5"/><T116/><D122/><U69/><E110/><V115/><F123/><W84/><G117/><N who="2" m="44553" /><F115/><W72/><G127/><T0/><D116/><U121/><E121/><V1/><F1/><W99/><G72/><T17/><D85/><U74/><E69/><V10/><F10/><W64/><G35/><T78/><D78/><U50/><E68/><V130/><F66/><W18/><G84/><T37/><D131/><U59/><E75/><V83/><F107/><W109/><G109/><T77/><D77/><U106/><E106/><V16/><F43/><W71/><REACH who="3" step="1"/><G100/><REACH who="3" ten="289,237,237,227" step="2"/><T105/><D103/><U93/><E74/><V41/><F130/><W73/><G73/><T34/><D111/><U60/><E86/><V126/><F126/><W3/><AGARI ba="1,1" hai="3,5,9,11,14,18,20,22,62,64,71,96,98,99" machi="3" ten="30,2000,0" yaku="1,1,0,1,53,0" doraHai="25" doraHaiUra="27" who="3" fromWho="3" sc="289,-11,237,-6,237,-6,227,33" /><INIT seed="1,0,0,5,4,21" ten="278,231,231,260" oya="1" hai0="99,44,88,7,73,119,2,130,16,56,135,47,12" hai1="80,86,59,61,111,6,65,51,53,27,120,97,63" hai2="115,36,8,13,89,50,4,23,70,5,11,15,1" hai3="85,52,34,48,20,22,33,94,74,92,81,110,112"/><U102/><E120/><V46/><F36/><W55/><G112/><T18/><D119/><U38/><E38/><V76/><F115/><W127/><G74/><T132/><D73/><U54/><E111/><V40/><F70/><W71/><G71/><T107/><D130/><U0/><E0/><V96/><F1/><W30/><G127/><T17/><D2/><U134/><E6/><V68/><F68/><W26/><G110/><T100/><D56/><U105/><E134/><N who="0" m="51241" /><D88/><U64/><E27/><V45/><F45/><N who="0" m="17482" /><D7/><U87/><E87/><V113/><F113/><W98/><G34/><T121/><D121/><U57/><REACH who="1" step="1"/><E51/><REACH who="1" ten="278,221,231,260" step="2"/><V124/><F50/><W103/><G48/><T19/><D19/><U10/><E10/><AGARI ba="0,1" hai="10,12,16,17,18,99,100,107" m="17482,51241" machi="10" ten="30,2000,0" yaku="20,1,54,1" doraHai="21" who="0" fromWho="1" sc="278,30,221,-20,231,0,260,0" /><INIT seed="2,0,0,1,3,109" ten="308,201,231,260" oya="2" hai0="132,35,23,128,116,75,73,15,54,55,100,123,36" hai1="24,45,64,60,3,79,83,38,74,108,70,82,127" hai2="65,86,63,72,4,121,120,126,18,31,90,39,32" hai3="52,88,30,44,43,111,19,47,124,13,33,57,115"/><V129/><F72/><W107/><G107/><T87/><D35/><U78/><E108/><V97/><F39/><W113/><G111/><T67/><D36/><U114/><E127/><V41/><F41/><W103/><G103/><T11/><D123/><U20/><E3/><V59/><F126/><W130/><G130/><T102/><D67/><U40/><E114/><N who="3" m="43530" /><G124/><T37/><D37/><U22/><REACH who="1" step="1"/><E24/><REACH who="1" ten="308,191,231,260" step="2"/><V93/><F121/><W80/><G43/><T112/><D112/><U53/><E53/><V101/><F120/><W104/><G104/><T85/><D54/><U0/><E0/><V9/><F129/><W84/><G33/><T27/><D55/><U125/><E125/><V94/><F32/><W131/><G131/><T58/><D128/><U42/><E42/><V25/><F25/><W51/><G30/><T77/><D27/><U69/><E69/><V50/><F31/><W16/><G13/><T61/><D15/><U21/><E21/><V56/><F65/><W7/><G47/><T29/><D23/><U96/><E96/><V105/><F97/><W49/><G44/><T99/><D99/><U48/><E48/><V81/><F105/><W17/><G49/><T122/><D29/><U134/><E134/><V62/><F50/><W106/><G106/><T66/><D132/><U117/><E117/><V98/><F98/><W8/><G8/><T1/><D1/><U5/><E5/><AGARI ba="0,1" hai="5,7,16,17,19,51,52,57,80,84,88" m="43530" machi="5" ten="30,12000,2" yaku="11,1,52,3,54,3" doraHai="109" who="3" fromWho="1" sc="308,0,191,-120,231,0,260,130" /><INIT seed="3,0,0,2,2,92" ten="308,71,231,390" oya="3" hai0="21,112,135,134,68,73,22,28,102,82,98,23,69" hai1="100,8,26,130,50,83,109,128,41,126,88,124,66" hai2="20,115,60,78,89,9,4,24,86,27,133,123,132" hai3="2,18,31,62,81,111,46,71,91,10,3,105,121"/><W90/><G121/><T29/><D73/><U37/><E37/><V57/><F115/><W6/><G105/><T117/><D117/><U104/><E66/><V114/><F114/><W25/><G111/><T99/><D82/><U45/><E26/><V116/><F78/><W58/><G71/><N who="0" m="27211" /><D102/><U76/><E8/><V106/><F106/><W87/><G18/><T36/><D36/><U125/><E50/><V56/><F116/><W129/><G2/><T39/><D39/><U107/><E45/><V30/><F24/><W77/><G129/><N who="1" m="49770" /><E41/><V131/><F123/><W16/><G16/><T33/><D33/><U79/><E109/><V34/><F34/><W113/><G113/><T119/><D119/><U14/><E14/><N who="2" m="5415" /><F60/><W61/><G62/><T54/><D54/><U118/><E118/><V75/><F131/><W80/><G81/><T13/><D13/><U85/><E107/><V84/><F56/><W59/><G58/><T42/><D42/><U53/><E53/><V65/><F57/><W40/><G59/><T48/><D48/><U35/><E35/><V64/><F64/><W38/><G61/><T101/><D101/><U122/><E122/><V120/><F65/><W5/><G6/><T67/><D67/><U12/><E12/><V63/><F120/><W93/><G5/><T19/><D19/><U94/><E104/><V96/><F63/><W127/><G3/><T44/><D44/><U95/><E95/><V0/><F0/><W72/><G46/><T108/><D112/><U43/><E43/><V97/><F27/><W55/><G38/><T11/><D108/><RYUUKYOKU ba="0,0" sc="308,-10,71,30,231,-10,390,-10" hai1="76,79,83,85,88,94,100,124,125,126" owari="298,10.0,101,-40.0,221,-18.0,380,48.0" /></mjloggm>