<mjloggm ver="2.3"><GO type="169" lobby="0"/><UN n0="%E3%81%8A%E3%81%8A%E3%81%8F%E3%81%95" n1="%74%72%69%65%74%74%61" n2="%79%61%6D%61%64%61" n3="%E6%88%91%E7%A0%B4%E9%AD%94" dan="17,16,16,16" rate="2168.64,2093.24,2157.74,2079.15" sx="M,M,M,M"/><TAIKYOKU oya="0"/><INIT seed="0,0,0,2,0,78" ten="250,250,250,250" oya="0" hai0="73,3,15,113,9,41,5,109,89,67,85,51,26" hai1="24,79,75,16,74,61,87,88,30,37,135,4,91" hai2="97,131,35,112,63,13,93,23,46,110,12,27,32" hai3="132,82,95,20,101,80,22,121,99,54,39,34,117"/><T133/><D113/><U8/><E8/><V81/><F112/><W96/><G117/><T52/><D73/><U31/><E37/><V128/><F46/><W7/><G34/><N who="2" m="12841" /><F63/><W119/><G119/><T29/><D133/><U10/><E135/><V1/><F1/><W86/><G39/><T49/><D109/><U103/><E103/><V68/><F68/><W33/><G33/><T62/><D3/><U55/><E74/><V107/><F107/><W90/><G132/><T38/><D38/><U100/><E100/><V92/><F92/><N who="3" m="58599" /><G7/><T50/><D41/><U45/><E75/><V102/><F81/><N who="3" m="31339" /><BYE who="1" /><G121/><UN n1="%74%72%69%65%74%74%61" /><T42/><D42/><U17/><E79/><V127/><F110/><W21/><G54/><T118/><D118/><U130/><E130/><N who="2" m="49707" /><F127/><W125/><G125/><T94/><D52/><U76/><E76/><V66/><F66/><W59/><G59/><T0/><D0/><U53/><E61/><V108/><F108/><W111/><G111/><T28/><REACH who="0" step="1"/><D26/><REACH who="0" ten="240,250,250,250" step="2"/><U84/><E45/><V134/><F134/><W44/><G44/><T43/><D43/><U120/><E24/><V11/><F27/><W116/><G116/><T6/><D6/><U70/><E4/><V126/><F126/><W36/><G36/><T47/><D47/><U65/><E120/><V98/><F13/><W122/><G122/><T83/><D83/><U77/><E65/><V72/><F72/><W104/><G104/><T64/><D64/><U14/><E14/><V71/><F12/><W57/><G57/><AGARI ba="0,1" hai="5,9,15,28,29,49,50,51,57,62,67,85,89,94" machi="57" ten="40,3900,0" yaku="1,1,8,1,53,0" doraHai="78" doraHaiUra="106" who="0" fromWho="3" sc="240,49,250,0,250,0,250,-39" /><INIT seed="0,1,0,5,0,19" ten="289,250,250,211" oya="0" hai0="35,22,33,134,111,118,97,43,67,104,132,28,6" hai1="48,10,11,126,121,98,108,84,15,83,70,77,114" hai2="56,31,102,75,0,13,64,74,78,32,9,90,92" hai3="61,82,38,79,39,119,65,130,135,34,58,93,30"/><T54/><D118/><U117/><E121/><V4/><F78/><W123/><G119/><T124/><D124/><U99/><E117/><V105/><F105/><W62/><G123/><T71/><D43/><U53/><E70/><V80/><F80/><W131/><G135/><N who="0" m="51755" /><D6/><U85/><E108/><V103/><F75/><W63/><G34/><T66/><D71/><U2/><E126/><V44/><F44/><W49/><G30/><T23/><D111/><U40/><E40/><V127/><F74/><N who="3" m="43383" /><G93/><T87/><D87/><U21/><E114/><V89/><F89/><W52/><G65/><N who="0" m="24587" /><D54/><U86/><E86/><BYE who="1" /><V122/><F32/><N who="0" m="12362" /><D28/><U26/><E26/><V120/><F31/><W20/><G52/><T107/><D97/><U101/><E101/><V109/><F109/><W45/><G38/><T18/><D18/><U46/><E46/><V12/><F127/><W27/><G39/><T36/><D36/><U100/><E100/><V60/><F103/><W115/><G45/><T16/><D23/><U5/><E5/><V37/><F37/><W128/><G20/><T1/><D1/><U129/><E129/><V113/><F102/><W96/><G96/><T69/><D69/><U47/><E47/><V81/><F122/><W110/><G110/><T91/><D91/><U76/><E76/><V133/><F120/><W41/><G41/><T51/><D51/><U72/><E72/><V50/><F133/><UN n1="%74%72%69%65%74%74%61" /><W73/><G130/><T14/><AGARI ba="1,0" hai="14,16,22,104,107" m="12362,24587,51755" machi="14" ten="40,7800,0" yaku="20,1,52,1,54,1" doraHai="19" who="0" fromWho="0" sc="289,81,250,-27,250,-27,211,-27" /><INIT seed="0,2,0,1,4,58" ten="370,223,223,184" oya="0" hai0="49,44,1,95,20,77,100,55,59,24,46,52,42" hai1="27,96,81,65,3,0,114,14,63,115,122,41,97" hai2="28,125,74,43,133,6,54,9,66,8,21,79,102" hai3="19,132,68,34,47,51,32,105,110,101,70,127,109"/><T30/><D1/><N who="1" m="587" /><E122/><V119/><F102/><W53/><G127/><T84/><D77/><U17/><E41/><V131/><F54/><W15/><G132/><T26/><D26/><U93/><E27/><V23/><F43/><W48/><G101/><T106/><D106/><U87/><E17/><V91/><F66/><W16/><G105/><T104/><D44/><U124/><E14/><V128/><F91/><W35/><G51/><T111/><D111/><N who="3" m="42505" /><G19/><T82/><D104/><U117/><E93/><V5/><F74/><W121/><G121/><T130/><D130/><U31/><E117/><V13/><F79/><W50/><G50/><T113/><D113/><N who="1" m="43019" /><E31/><V25/><F119/><W4/><G4/><T92/><D100/><U129/><E124/><V103/><F103/><W33/><N who="3" m="8192" /><DORA hai="88" /><W98/><G98/><T73/><D42/><U18/><E18/><N who="2" m="10447" /><F125/><W12/><G12/><T90/><D73/><U83/><E129/><N who="2" m="49739" /><F133/><W108/><G108/><T94/><D82/><N who="1" m="31243" /><E87/><V120/><F120/><W7/><G7/><AGARI ba="2,0" hai="5,6,7,8,9,23,25,28" m="49739,10447" machi="7" ten="30,3900,0" yaku="19,1,34,2" doraHai="58,88" who="2" fromWho="3" sc="370,0,223,0,223,45,184,-45" /><INIT seed="1,0,0,4,3,79" ten="370,223,268,139" oya="1" hai0="3,84,90,109,28,94,73,15,36,93,111,19,21" hai1="31,87,102,30,128,129,32,69,54,49,77,13,41" hai2="61,47,72,134,27,29,8,44,131,1,95,18,89" hai3="11,108,119,76,113,88,135,16,81,23,6,63,62"/><U124/><E69/><V25/><F72/><W58/><G113/><T10/><D36/><U22/><E32/><V37/><F131/><N who="1" m="50249" /><E102/><V86/><F134/><W4/><G135/><T107/><D107/><U115/><E41/><V74/><F74/><W117/><G108/><N who="0" m="41547" /><D73/><U20/><E124/><V121/><F121/><W116/><G76/><T26/><D3/><U99/><E99/><V92/><F37/><W71/><G71/><T132/><D132/><U45/><E115/><V126/><F126/><W112/><G112/><T83/><AGARI ba="0,0" hai="10,15,19,21,26,28,83,84,90,93,94" m="41547" machi="83" ten="30,2000,0" yaku="14,1,52,1" doraHai="79" who="0" fromWho="0" sc="370,20,223,-10,268,-5,139,-5" /><INIT seed="2,0,0,4,2,78" ten="390,213,263,134" oya="2" hai0="120,63,51,54,114,42,6,85,98,13,117,9,0" hai1="47,64,84,36,115,89,116,87,55,46,135,86,7" hai2="88,67,75,19,105,83,68,60,12,14,66,82,45" hai3="76,118,123,111,34,113,50,31,71,91,3,10,121"/><V132/><F105/><W104/><G76/><T41/><D114/><U1/><E115/><V110/><F75/><W94/><G113/><T129/><D120/><U102/><E116/><V81/><F132/><W69/><G118/><T107/><D129/><U40/><E135/><V127/><F127/><W15/><G3/><T106/><D106/><U61/><E102/><V119/><F119/><W99/><G111/><T16/><D63/><U108/><E108/><V25/><F110/><W130/><G130/><T17/><D17/><U49/><E7/><V122/><F122/><W26/><G104/><T32/><D32/><U30/><E30/><V96/><F67/><W58/><G71/><T33/><D33/><U74/><E74/><V90/><F45/><W59/><G69/><T92/><D85/><U80/><REACH who="1" step="1"/><E1/><REACH who="1" ten="390,203,263,134" step="2"/><V128/><F128/><W56/><REACH who="3" step="1"/><G50/><REACH who="3" ten="390,203,263,124" step="2"/><T79/><D51/><U43/><E43/><V27/><F68/><AGARI ba="0,2" hai="36,40,46,47,49,55,61,64,68,80,84,86,87,89" machi="68" ten="30,3900,0" yaku="1,1,7,1,52,1,53,0" doraHai="78" doraHaiUra="126" who="1" fromWho="2" sc="390,0,203,59,263,-39,124,0" /><INIT seed="3,0,0,2,3,127" ten="390,262,224,124" oya="3" hai0="100,59,132,116,56,0,24,16,134,78,79,34,107" hai1="40,118,52,47,43,8,105,68,35,135,128,133,88" hai2="104,44,58,117,39,74,51,50,114,126,42,2,30" hai3="45,25,54,48,11,33,5,95,10,106,12,131,81"/><W60/><G106/><T96/><D116/><U13/><E105/><V1/><F117/><W103/><G33/><T36/><D36/><U32/><E68/><V101/><F114/><W92/><G103/><T73/><D0/><U111/><E111/><V71/><BYE who="1" /><F74/><W63/><G131/><T15/><D73/><U124/><E124/><V67/><F51/><W23/><G81/><T7/><D7/><U20/><E20/><V93/><F93/><W112/><G112/><T31/><D78/><U102/><E102/><V72/><F30/><W4/><G92/><T89/><D89/><U98/><E98/><N who="2" m="61495" /><F72/><W55/><G95/><T109/><D79/><UN n1="%74%72%69%65%74%74%61" /><U121/><E121/><V6/><F6/><W53/><G63/><T120/><D120/><U28/><E118/><V125/><F1/><W122/><G122/><T49/><D109/><U38/><E128/><V64/><F64/><W91/><G91/><T17/><D17/><N who="1" m="8359" /><E28/><V65/><F65/><W41/><G60/><T19/><D19/><U129/><E129/><V110/><F2/><W123/><G123/><T27/><D27/><U3/><E3/><V9/><F110/><W85/><G85/><T86/><D86/><U57/><E40/><V83/><F83/><W87/><G87/><T80/><D80/><U46/><E46/><V76/><F76/><W90/><G90/><T62/><D107/><U14/><E14/><V94/><F94/><W37/><G37/><T84/><D84/><U99/><E88/><V97/><F97/><W82/><G82/><T130/><D96/><U115/><E99/><V77/><F126/><RYUUKYOKU ba="0,0" sc="390,0,262,0,224,0,124,0" /><INIT seed="4,1,0,3,0,117" ten="390,262,224,124" oya="0" hai0="131,44,15,88,116,2,123,68,18,112,133,129,22" hai1="80,82,124,83,9,35,43,108,38,96,122,97,130" hai2="5,110,119,63,47,30,118,56,134,86,84,48,4" hai3="121,109,127,27,91,105,14,45,87,103,25,42,67"/><T19/><D123/><U32/><E122/><V8/><F110/><W57/><G109/><T26/><D116/><N who="2" m="44586" /><F30/><W94/><G127/><T125/><D68/><U126/><E108/><V76/><F76/><W120/><G27/><T85/><D2/><U60/><E60/><V34/><F34/><N who="1" m="12841" /><E9/><V61/><F4/><W77/><G77/><T111/><D125/><N who="1" m="48235" /><E130/><V113/><F113/><W107/><G25/><T46/><D112/><U11/><E11/><V36/><F36/><W62/><G14/><T3/><D3/><U101/><E101/><V115/><F134/><W59/><G59/><T72/><D133/><U106/><E106/><V66/><F63/><W78/><G78/><T65/><D72/><U20/><E20/><V21/><F21/><W74/><G74/><T17/><D111/><U49/><E49/><V16/><F115/><W13/><G107/><T128/><D15/><U69/><E69/><V75/><F75/><W89/><G89/><T23/><D23/><U93/><E93/><V95/><F95/><W58/><G13/><T0/><D0/><U37/><E43/><N who="2" m="24703" /><F5/><W81/><G105/><T33/><D33/><U28/><E28/><V114/><F114/><W99/><REACH who="3" step="1"/><G58/><REACH who="3" ten="390,262,224,114" step="2"/><T6/><D129/><U100/><E100/><V98/><F56/><W132/><G132/><T70/><D128/><U41/><E41/><V39/><F8/><W10/><G10/><T31/><D131/><U51/><E97/><V104/><F98/><W79/><G79/><T92/><D6/><U24/><E96/><V102/><F104/><W53/><G53/><T73/><D73/><RYUUKYOKU ba="1,1" sc="390,15,262,-15,224,-15,114,15" hai0="17,18,19,22,26,31,44,46,65,70,85,88,92" hai3="42,45,57,62,67,81,87,91,94,99,103,120,121" /><INIT seed="4,2,1,1,2,4" ten="405,247,209,129" oya="0" hai0="15,92,0,35,16,13,91,116,64,89,1,31,32" hai1="70,94,105,12,76,49,11,85,8,54,60,129,36" hai2="22,108,40,135,131,34,87,134,14,74,72,10,24" hai3="130,120,26,107,80,7,17,133,56,122,73,45,57"/><T30/><D64/><U63/><E105/><V9/><F108/><W119/><G119/><T110/><D92/><U75/><E36/><V6/><F34/><W127/><G107/><T25/><D116/><U37/><E37/><V126/><F40/><W21/><G130/><T95/><D110/><U23/><E129/><V55/><F131/><W106/><G106/><T20/><D89/><N who="1" m="53551" /><E76/><V51/><F87/><W5/><G127/><T67/><D67/><U118/><E75/><V101/><F101/><W125/><G125/><T103/><D103/><U88/><E70/><V2/><F126/><W18/><G133/><N who="2" m="50697" /><F22/><W113/><G113/><T68/><D68/><U90/><E118/><V44/><F24/><W71/><G71/><T58/><D58/><N who="3" m="22633" /><G45/><T48/><D48/><U102/><E102/><V28/><F28/><N who="0" m="10794" /><D91/><N who="1" m="34859" /><E23/><V43/><F43/><W82/><G73/><T79/><D79/><U117/><E117/><V115/><F115/><W99/><G120/><T112/><D95/><U114/><E114/><V93/><F93/><W121/><G121/><T86/><D86/><U128/><E128/><V42/><F42/><W111/><G122/><T46/><D112/><U33/><E33/><N who="0" m="12873" /><D46/><N who="1" m="27959" /><E12/><AGARI ba="2,1" hai="0,1,12,13,15,16,20,25" m="12873,10794" machi="12" ten="30,18000,2" yaku="35,5,54,1" doraHai="4" who="0" fromWho="1" sc="405,196,247,-186,209,0,129,0" /><INIT seed="4,3,0,3,2,70" ten="601,61,209,129" oya="0" hai0="7,26,41,118,16,51,110,104,132,123,105,20,6" hai1="53,0,131,5,1,85,64,73,120,126,19,122,80" hai2="56,100,83,87,99,15,102,25,96,50,45,22,109" hai3="134,21,4,74,47,108,130,135,114,8,2,44,67"/><T29/><D118/><U98/><E73/><V9/><F109/><W88/><G108/><T63/><D123/><U46/><E64/><V28/><F56/><W76/><G114/><T91/><D110/><U69/><E69/><V128/><F102/><W59/><G130/><T113/><D113/><U23/><E131/><V39/><F39/><W30/><G74/><T119/><D119/><U95/><E126/><V117/><F100/><W127/><G76/><T54/><D63/><U72/><E72/><V52/><F128/><W92/><G127/><T106/><D41/><U86/><E53/><V18/><REACH who="2" step="1"/><F117/><REACH who="2" ten="601,61,199,129" step="2"/><W3/><G59/><T116/><D116/><U94/><E46/><V43/><F43/><W24/><G47/><T61/><D61/><U121/><E121/><V38/><F38/><W81/><G44/><T82/><D132/><U103/><E120/><V36/><F36/><W62/><G135/><T12/><D105/><U77/><E122/><V58/><F58/><W35/><G134/><T55/><D104/><U65/><E65/><V75/><F75/><W68/><G68/><T115/><D106/><U125/><E125/><V33/><F33/><W90/><G35/><T11/><D115/><U13/><REACH who="1" step="1"/><E5/><REACH who="1" ten="601,51,199,129" step="2"/><V31/><F31/><N who="3" m="17807" /><G67/><T124/><D124/><U84/><E84/><V57/><F57/><W66/><G30/><T27/><D7/><U97/><E97/><V71/><F71/><W133/><G133/><T111/><D6/><U89/><AGARI ba="3,2" hai="0,1,13,19,23,77,80,85,86,89,94,95,98,103" machi="89" ten="30,2000,0" yaku="1,1,0,1,53,0" doraHai="70" doraHaiUra="37" who="1" fromWho="1" sc="601,-13,51,49,199,-8,129,-8" /><INIT seed="5,0,0,2,2,53" ten="588,100,191,121" oya="1" hai0="119,134,58,2,113,17,13,111,74,57,8,77,107" hai1="99,72,105,31,26,4,20,92,129,9,68,76,19" hai2="50,108,84,54,16,91,117,78,116,30,93,24,49" hai3="124,21,33,59,65,51,18,81,37,85,40,41,70"/><U110/><E68/><V96/><F108/><W101/><G33/><T27/><D107/><U103/><E129/><V66/><F66/><W94/><G37/><T29/><D111/><U131/><E131/><V6/><F6/><W115/><G70/><T63/><D119/><U127/><E127/><V75/><F75/><W43/><G124/><T10/><D63/><U100/><E110/><V118/><F78/><W73/><G73/><T7/><D134/><U104/><E103/><V28/><F50/><W12/><G115/><T62/><D62/><U125/><E125/><V98/><F30/><W64/><G94/><T36/><D36/><U80/><REACH who="1" step="1"/><E31/><REACH who="1" ten="588,90,191,121" step="2"/><V47/><F28/><W42/><N who="3" m="10240" /><DORA hai="67" /><W102/><G102/><T97/><D29/><U135/><E135/><V38/><F38/><W79/><REACH who="3" step="1"/><G101/><REACH who="3" ten="588,90,191,111" step="2"/><T46/><D113/><U123/><E123/><V132/><F132/><W112/><G112/><T45/><D74/><U126/><E126/><V71/><F71/><W11/><G11/><T122/><D8/><U14/><AGARI ba="0,2" hai="4,9,14,19,20,26,72,76,80,92,99,100,104,105" machi="14" ten="20,7800,0" yaku="1,1,0,1,7,1,53,1" doraHai="53,67" doraHaiUra="86,22" who="1" fromWho="1" sc="588,-26,90,98,191,-26,111,-26" /><INIT seed="5,1,0,2,2,30" ten="562,188,165,85" oya="1" hai0="92,106,50,98,102,82,118,14,111,91,62,93,116" hai1="97,96,131,12,29,59,66,35,99,113,134,77,73" hai2="104,4,20,120,42,109,45,60,85,89,5,88,68" hai3="41,36,8,58,49,16,48,44,83,65,94,26,38"/><U80/><E113/><V129/><F109/><W124/><G124/><T33/><D33/><U117/><E117/><V43/><F120/><W47/><G83/><T119/><D111/><U110/><E131/><V69/><F104/><W112/><G112/><T11/><D62/><U57/><E110/><V125/><F125/><W21/><G65/><T123/><D123/><U2/><E2/><V71/><F60/><W0/><G58/><T24/><D24/><U54/><E134/><V121/><F121/><W56/><G56/><T130/><D130/><U126/><E126/><V128/><F42/><W101/><G101/><T100/><D106/><U9/><E66/><V75/><F75/><W46/><G94/><T6/><D93/><U135/><E135/><V3/><F20/><W127/><G127/><T74/><REACH who="0" step="1"/><D50/><REACH who="0" ten="552,188,165,85" step="2"/><U32/><E29/><V28/><F28/><W107/><G107/><T18/><D18/><U78/><E35/><V122/><F122/><W40/><REACH who="3" step="1"/><G47/><REACH who="3" ten="552,188,165,75" step="2"/><T23/><D23/><U52/><E32/><V53/><F45/><W27/><G27/><T133/><D133/><U115/><E115/><V10/><F129/><W63/><G63/><T105/><D105/><U114/><E114/><V79/><F128/><W55/><G55/><T17/><D17/><U7/><E54/><V103/><F53/><W67/><G67/><T31/><D31/><U87/><E52/><V132/><F132/><W37/><G37/><T64/><D64/><U13/><E57/><V15/><F69/><W86/><G86/><T90/><D90/><U39/><E59/><V22/><F68/><RYUUKYOKU ba="1,2" sc="552,15,188,-15,165,-15,75,15" hai0="6,11,14,74,82,91,92,98,100,102,116,118,119" hai3="0,8,16,21,26,36,38,40,41,44,46,48,49" /><INIT seed="6,2,2,2,3,118" ten="567,173,150,90" oya="2" hai0="122,63,70,66,13,76,116,36,55,9,10,60,85" hai1="32,17,108,72,125,27,44,26,25,75,47,54,16" hai2="5,88,39,114,112,24,130,29,48,11,45,79,109" hai3="106,102,67,126,64,95,50,73,134,98,23,135,49"/><V38/><F79/><W4/><G73/><N who="1" m="28234" /><E54/><N who="2" m="29967" /><F130/><W103/><G4/><T129/><D122/><U93/><E93/><V83/><F83/><W97/><G126/><T53/><D36/><U104/><E104/><V74/><F88/><W52/><G23/><T56/><D116/><U119/><E119/><V113/><F109/><W117/><G117/><T18/><D129/><U20/><E20/><N who="2" m="15495" /><F74/><W81/><G81/><T57/><D70/><U34/><E125/><V15/><AGARI ba="2,2" hai="5,11,15,38,39,112,113,114" m="15495,29967" machi="15" ten="30,1500,0" yaku="15,1" doraHai="118" who="2" fromWho="2" sc="567,-7,173,-7,150,41,90,-7" /><INIT seed="6,3,0,3,5,64" ten="560,166,191,83" oya="2" hai0="43,59,131,75,0,8,22,53,65,125,109,86,21" hai1="71,100,88,120,112,33,3,104,82,30,46,97,93" hai2="42,96,14,117,24,108,121,16,133,105,63,72,19" hai3="83,122,49,77,4,40,12,79,114,17,115,106,127"/><V94/><F117/><W99/><G4/><T20/><D109/><U44/><E120/><V35/><F121/><W25/><G122/><T134/><D75/><U60/><E3/><V38/><F72/><W11/><G127/><T48/><D125/><U111/><E82/><V37/><F105/><W110/><G110/><T34/><D34/><U126/><E112/><V15/><F108/><W9/><G9/><T128/><D134/><U26/><E126/><V69/><F133/><W132/><G132/><T92/><D43/><U76/><E76/><V74/><F74/><W51/><G25/><T123/><D65/><N who="1" m="41383" /><E111/><V62/><F35/><W124/><G124/><T73/><D123/><U102/><E102/><V5/><F24/><W103/><G79/><T58/><D58/><U98/><AGARI ba="3,0" hai="26,30,33,44,46,88,93,97,98,100,104" m="41383" machi="98" ten="30,4000,0" yaku="25,1,52,1,54,1" doraHai="64" who="1" fromWho="1" sc="560,-13,166,49,191,-23,83,-13" /><INIT seed="7,0,0,2,3,10" ten="547,215,168,70" oya="3" hai0="116,40,102,18,53,6,5,79,107,57,19,111,90" hai1="106,130,101,52,58,119,30,92,113,51,61,35,71" hai2="87,64,120,42,129,12,47,133,11,110,8,103,50" hai3="104,48,85,75,4,108,55,82,121,24,59,1,44"/><W31/><G121/><T65/><D102/><U38/><E119/><V3/><F110/><W13/><G1/><T135/><D107/><U43/><E113/><V77/><F3/><W21/><G75/><T16/><D111/><U14/><E106/><V81/><F8/><N who="3" m="4231" /><G104/><T89/><D65/><U62/><E130/><V69/><F129/><W74/><G74/><T49/><D79/><U68/><E30/><V26/><F120/><W96/><G108/><T45/><D135/><U128/><E35/><V2/><F133/><W72/><G72/><T83/><D116/><U20/><E128/><V105/><F2/><W98/><G59/><T63/><D83/><U22/><E68/><V109/><F109/><W36/><G36/><T126/><D126/><U73/><E73/><V131/><F131/><W114/><G114/><T7/><AGARI ba="0,0" hai="5,6,7,16,18,19,40,45,49,53,57,63,89,90" machi="7" ten="30,4000,0" yaku="0,1,8,1,54,1" doraHai="10" who="0" fromWho="0" sc="547,40,215,-10,168,-10,70,-20" owari="587,68.0,205,1.0,158,-24.0,50,-45.0" /></mjloggm>