<mjloggm ver="2.3"><GO type="185" lobby="0"/><UN n0="%E3%81%9F%E3%82%93%E3%82%86%E3%81%86" n1="%E3%83%8A%E3%83%91%E3%83%BC%E3%83%A0%E3%81%A7%E3%81%99" n2="%E6%A2%B6%E9%9A%86%E8%87%A3" n3="" dan="17,17,17,0" rate="2279.76,2211.72,2268.07,1500.00" sx="F,M,M,C"/><TAIKYOKU oya="0"/><INIT seed="0,0,0,3,0,96" ten="350,350,350,0" oya="0" hai0="129,78,55,95,71,2,75,124,39,42,105,116,100" hai1="130,32,132,58,90,131,59,53,74,135,99,98,86" hai2="57,60,34,117,73,97,43,82,114,37,101,61,106" hai3=""/><T64/><D55/><U47/><E32/><V121/><N who="2" m="31008" /><V63/><F114/><T41/><D95/><U80/><E74/><V77/><F117/><T62/><D42/><U118/><E118/><V88/><F34/><T94/><D94/><U83/><E47/><V1/><F1/><T46/><D116/><U123/><N who="1" m="31520" /><U104/><E80/><V52/><REACH who="2" step="1"/><F88/><REACH who="2" ten="350,350,340,0" step="2"/><T119/><D119/><U112/><E112/><V84/><F84/><T127/><D2/><U79/><E90/><V110/><F110/><T35/><D35/><U122/><N who="1" m="31264" /><U36/><E86/><V85/><F85/><T113/><D113/><U48/><E79/><V126/><F126/><N who="0" m="48170" /><D129/><U3/><E3/><V50/><F50/><T33/><D33/><U89/><E48/><V68/><F68/><T51/><D51/><U45/><E89/><V125/><F125/><T102/><D78/><U54/><E36/><V69/><F69/><T103/><D75/><U109/><E109/><V134/><F134/><T91/><D91/><U108/><E108/><V0/><F0/><T87/><D87/><U44/><E83/><V56/><F56/><T120/><N who="0" m="30752" /><T76/><D76/><U128/><E131/><V93/><F93/><T111/><D111/><RYUUKYOKU ba="0,1" sc="350,0,350,0,340,0,0,0" hai0="39,41,46,62,64,71,100,102,103,105" hai1="44,45,53,54,58,59,98,99,104,128,130,132,135" hai2="37,43,52,57,60,61,63,73,77,82,97,101,106" /><INIT seed="0,1,1,0,1,71" ten="350,350,340,0" oya="0" hai0="99,43,111,98,112,90,129,73,122,115,47,63,127" hai1="121,89,52,117,41,72,77,51,46,0,54,105,107" hai2="62,68,76,93,123,39,69,135,53,75,83,116,3" hai3=""/><T65/><N who="0" m="31264" /><T109/><D73/><U96/><N who="1" m="31008" /><U36/><E117/><V80/><N who="2" m="31520" /><V70/><F3/><T42/><D127/><U88/><E0/><V119/><F135/><T37/><D43/><U60/><E60/><V49/><F93/><T104/><D129/><U61/><E61/><V126/><F126/><T32/><D32/><U38/><E54/><V106/><F106/><T130/><D130/><U110/><E110/><N who="0" m="41993" /><D90/><U103/><E107/><V87/><F116/><T134/><D134/><U108/><E108/><V74/><F119/><T85/><D85/><U55/><E55/><V124/><F75/><T57/><D104/><U97/><E41/><V34/><F124/><T81/><D81/><U59/><E89/><V125/><F125/><T95/><D95/><U120/><N who="1" m="30752" /><U94/><REACH who="1" step="1"/><E46/><REACH who="1" ten="350,340,340,0" step="2"/><V92/><F34/><T67/><D67/><U100/><E100/><V128/><F128/><T133/><D133/><U102/><E102/><V40/><F40/><T101/><D101/><U44/><E44/><V56/><F53/><T114/><AGARI ba="1,2" hai="37,42,47,57,63,65,98,99,112,114,115" m="41993,31264" machi="114" ten="40,8000,1" yaku="14,1,10,1,52,2" doraHai="71" who="0" fromWho="0" sc="350,102,340,-41,340,-41,0,0" /><INIT seed="0,2,0,0,4,134" ten="452,299,299,0" oya="0" hai0="2,121,65,46,59,75,55,43,128,49,3,61,37" hai1="69,102,115,100,63,97,79,50,125,122,108,130,40" hai2="60,86,68,53,117,101,54,92,99,96,132,85,32" hai3=""/><T95/><N who="0" m="31008" /><T81/><D128/><U41/><N who="1" m="31264" /><U58/><E130/><V83/><F32/><T106/><D106/><U82/><E108/><V94/><F132/><T45/><D95/><U88/><E125/><V48/><F117/><T52/><D75/><U126/><E126/><V66/><F83/><T107/><D107/><U77/><E69/><V135/><F135/><T129/><D129/><U0/><E0/><V84/><REACH who="2" step="1"/><F48/><REACH who="2" ten="452,299,289,0" step="2"/><T113/><D81/><U35/><E35/><V112/><F112/><T124/><D124/><U47/><E115/><V127/><F127/><T71/><D113/><U51/><E82/><V110/><F110/><T123/><N who="0" m="31520" /><T114/><D114/><U103/><E50/><AGARI ba="2,1" hai="2,3,37,43,45,46,49,50,52,55,59,61,65,71" m="31520,31008" machi="50" ten="30,18000,2" yaku="7,1,24,2,52,2,54,1" doraHai="134" who="0" fromWho="1" sc="452,194,299,-184,289,0,0,0" /><INIT seed="0,3,0,3,4,117" ten="646,115,289,0" oya="0" hai0="104,130,2,120,34,65,73,37,93,32,132,99,126" hai1="38,101,64,69,3,118,88,80,74,134,90,111,124" hai2="71,79,57,43,63,44,125,48,50,114,109,46,121" hai3=""/><T91/><RYUUKYOKU type="yao9" ba="3,0" sc="646,0,115,0,289,0,0,0" hai0="2,32,34,37,65,73,91,93,99,104,120,126,130,132" /><INIT seed="0,4,0,2,1,85" ten="646,115,289,0" oya="0" hai0="41,110,74,91,2,129,128,108,49,123,111,101,52" hai1="36,95,75,119,96,42,104,54,133,81,130,79,63" hai2="84,93,80,76,109,98,44,115,113,64,83,100,3" hai3=""/><T46/><N who="0" m="31520" /><T125/><D2/><U34/><E133/><V39/><F3/><T37/><D74/><U0/><E130/><N who="0" m="50281" /><D101/><U103/><E119/><V124/><F109/><T69/><D69/><U32/><E0/><V102/><F124/><T56/><D91/><U120/><N who="1" m="30752" /><U114/><E114/><V58/><F100/><T121/><N who="0" m="31008" /><T57/><D57/><U33/><E63/><V86/><F58/><T70/><D70/><U135/><E135/><V59/><F59/><T88/><D88/><U40/><E36/><V116/><F39/><T118/><D118/><U122/><N who="1" m="31264" /><U61/><E61/><V94/><F116/><T105/><D105/><U127/><E127/><AGARI ba="4,0" hai="37,41,46,49,52,56,108,110,111,125,127" m="31008,50281,31520" machi="127" ten="40,24000,3" yaku="14,1,10,1,19,1,34,2,52,2,54,1" doraHai="85" who="0" fromWho="1" sc="646,248,115,-248,289,0,0,0" owari="894,84.0,-133,-73.0,289,-11.0,0,0.0" /></mjloggm>