<mjloggm ver="2.3"><GO type="169" lobby="0"/><UN n0="%E3%83%88%E3%83%8B%E3%83%BC%E2%98%85%E5%BD%A1" n1="%53%74%65%69%6E%73" n2="%30%30%73%61%69" n3="%E4%B9%9D%E4%B8%88%E3%83%A4%E3%82%B9" dan="17,16,16,16" rate="2146.67,2125.09,2158.09,2159.82" sx="M,M,M,M"/><TAIKYOKU oya="0"/><INIT seed="0,0,0,2,0,5" ten="250,250,250,250" oya="0" hai0="111,89,83,114,87,95,117,99,43,57,106,110,71" hai1="58,85,51,6,36,123,67,134,34,16,19,127,93" hai2="118,96,17,79,98,7,63,21,50,45,25,30,94" hai3="133,107,126,61,108,32,74,84,20,35,88,73,10"/><T103/><D71/><U22/><E123/><V27/><F118/><W49/><G107/><T82/><D43/><U40/><E34/><V55/><F79/><W38/><G38/><T81/><D57/><U68/><E134/><V112/><F112/><W90/><G133/><T97/><D114/><U104/><E104/><V14/><F7/><W46/><G108/><N who="0" m="41515" /><D117/><U37/><E127/><V116/><F116/><W0/><G126/><T86/><AGARI ba="0,0" hai="81,82,83,86,87,89,95,97,99,103,106" m="41515" machi="86" ten="40,12000,1" yaku="14,1,10,1,34,2" doraHai="5" who="0" fromWho="0" sc="250,120,250,-40,250,-40,250,-40" /><INIT seed="0,1,0,2,4,93" ten="370,210,210,210" oya="0" hai0="82,64,72,47,79,67,102,56,18,124,66,98,46" hai1="92,40,22,109,49,65,35,26,80,59,21,63,6" hai2="43,97,75,119,25,29,41,38,100,123,105,108,57" hai3="78,13,131,60,81,88,77,15,52,116,4,42,113"/><T2/><D2/><U51/><E109/><V74/><F123/><W87/><G113/><T117/><D117/><U54/><E35/><V135/><F119/><W33/><G33/><T129/><D129/><U3/><E3/><V104/><F108/><W55/><G116/><T28/><D124/><U125/><E125/><V7/><F135/><W111/><G131/><T106/><D28/><U17/><E6/><V14/><F104/><W44/><G111/><T95/><D56/><U115/><E115/><V62/><F75/><W23/><G60/><T32/><D32/><U48/><E80/><V110/><F74/><W126/><G126/><T134/><D134/><U83/><E83/><V10/><F38/><W24/><G77/><T85/><D18/><U68/><E22/><V128/><F128/><W133/><G133/><T114/><D114/><U45/><REACH who="1" step="1"/><E92/><REACH who="1" ten="370,200,210,210" step="2"/><N who="2" m="58407" /><F110/><W9/><G78/><T12/><D12/><U94/><E94/><V101/><F105/><W30/><REACH who="3" step="1"/><G15/><REACH who="3" ten="370,200,210,200" step="2"/><T0/><D0/><U96/><E96/><V36/><F14/><W130/><G130/><T84/><D84/><U5/><E5/><V112/><F112/><W58/><G58/><T50/><D85/><U70/><E70/><V61/><F57/><W118/><G118/><T99/><REACH who="0" step="1"/><D50/><AGARI ba="1,2" hai="17,21,26,40,45,48,49,50,51,54,59,63,65,68" machi="50" ten="30,2000,0" yaku="1,1,7,1,53,0" doraHai="93" doraHaiUra="27" who="1" fromWho="0" sc="370,-23,200,43,210,0,200,0" /><AGARI ba="1,0" hai="4,9,13,23,24,30,42,44,50,52,55,81,87,88" machi="50" ten="30,12000,2" yaku="1,1,7,1,8,1,54,2,53,1" doraHai="93" doraHaiUra="27" who="3" fromWho="0" sc="347,-120,243,0,210,0,200,120" /><INIT seed="1,0,0,4,5,39" ten="227,243,210,320" oya="1" hai0="31,118,79,131,101,134,76,114,50,60,4,1,120" hai1="90,127,7,45,94,63,5,87,91,105,6,66,28" hai2="102,95,77,108,8,98,106,44,92,46,74,48,84" hai3="59,53,27,33,21,116,13,82,52,56,11,104,125"/><U126/><E105/><V86/><F108/><W73/><G104/><T32/><D118/><U49/><E28/><V37/><F37/><W22/><G33/><T100/><D114/><U99/><E90/><N who="2" m="53319" /><F8/><W34/><G34/><T128/><D120/><U41/><REACH who="1" step="1"/><E87/><REACH who="1" ten="227,233,210,320" step="2"/><V54/><F86/><W3/><G116/><T123/><D31/><U23/><E23/><V72/><F72/><W97/><G22/><T55/><D32/><U36/><E36/><V64/><F106/><W85/><G21/><T18/><D123/><U2/><E2/><V103/><F74/><W47/><G3/><T122/><D122/><U70/><AGARI ba="0,1" hai="5,6,7,41,45,49,63,66,70,91,94,99,126,127" machi="70" ten="30,11700,0" yaku="1,1,0,1,52,1,53,1" doraHai="39" doraHaiUra="40" who="1" fromWho="1" sc="227,-39,233,127,210,-39,320,-39" /><INIT seed="1,1,0,1,2,28" ten="188,360,171,281" oya="1" hai0="67,112,117,12,8,36,98,83,77,100,118,128,102" hai1="33,4,65,101,133,94,104,59,3,48,95,58,37" hai2="121,134,88,99,108,54,114,51,10,116,122,103,16" hai3="40,96,9,115,0,52,93,64,46,97,32,125,109"/><U61/><E37/><V35/><F116/><W78/><G109/><T92/><D36/><U106/><E133/><V73/><F73/><W124/><G115/><T14/><D112/><U84/><E84/><V50/><F114/><W90/><G64/><T107/><D128/><U123/><E123/><V113/><F113/><W27/><G78/><T39/><D39/><U15/><E3/><V62/><F35/><W87/><G0/><T5/><D67/><U41/><E33/><V85/><F108/><W18/><G9/><T105/><D14/><U30/><E30/><V11/><F134/><W31/><G18/><T2/><D12/><U21/><E104/><V131/><F131/><W43/><G43/><T75/><D92/><U44/><E106/><V20/><F122/><W45/><G45/><T53/><D53/><U55/><E101/><V126/><F121/><W57/><G46/><T69/><D69/><U72/><E72/><V17/><F126/><N who="3" m="48747" /><G40/><T79/><D77/><U13/><E13/><N who="2" m="9231" /><F17/><W49/><AGARI ba="1,0" hai="27,31,32,49,52,57,87,90,93,96,97" m="48747" machi="49" ten="30,4000,0" yaku="18,1,52,1,54,1" doraHai="28" who="3" fromWho="3" sc="188,-11,360,-21,171,-11,281,43" /><INIT seed="2,0,0,4,2,50" ten="177,339,160,324" oya="2" hai0="71,117,72,97,4,39,34,76,81,27,134,14,69" hai1="33,63,131,83,82,26,100,96,21,18,110,70,94" hai2="85,8,74,31,67,64,93,108,37,90,28,6,133" hai3="95,78,112,73,25,38,15,16,127,12,121,10,99"/><V128/><F74/><W36/><G121/><T35/><D134/><U80/><E110/><V77/><F133/><W92/><G127/><T103/><D117/><U65/><REACH who="1" step="1"/><E33/><REACH who="1" ten="177,329,160,324" step="2"/><V68/><F108/><W118/><G118/><T60/><D35/><U62/><E62/><V30/><F128/><AGARI ba="0,1" hai="18,21,26,63,65,70,80,82,83,94,96,100,128,131" machi="128" ten="40,1300,0" yaku="1,1,53,0" doraHai="50" doraHaiUra="122" who="1" fromWho="2" sc="177,0,329,23,160,-13,324,0" /><INIT seed="3,0,0,2,3,128" ten="177,352,147,324" oya="3" hai0="15,42,117,64,10,14,132,48,61,29,34,106,7" hai1="131,133,134,9,27,6,57,81,1,80,66,102,20" hai2="12,53,129,105,125,73,104,135,33,50,77,21,46" hai3="59,39,97,65,25,17,112,31,119,67,40,22,8"/><W110/><G112/><T91/><D117/><U87/><E102/><V62/><F33/><W101/><G119/><T68/><D106/><U36/><E36/><V95/><F129/><W60/><G110/><T49/><D132/><N who="1" m="50795" /><E131/><V109/><F109/><W30/><G67/><T88/><D42/><U72/><E72/><V126/><F104/><W121/><G121/><T56/><D68/><U37/><E37/><V74/><F105/><W116/><G116/><T75/><D75/><U83/><E57/><V45/><F74/><W79/><G79/><T2/><D2/><U24/><E66/><V108/><F73/><W5/><G40/><T92/><D91/><N who="1" m="51687" /><E27/><V114/><F108/><W58/><G58/><T35/><D64/><U26/><E26/><V54/><F135/><W69/><G39/><T127/><D56/><U84/><E84/><V44/><F44/><W96/><G69/><T23/><D14/><U4/><E4/><V63/><F46/><W89/><G101/><T115/><D15/><U0/><E0/><V122/><F12/><N who="3" m="5135" /><G97/><T118/><D118/><U16/><AGARI ba="0,0" hai="1,6,9,16,20,24,81,83" m="51687,50795" machi="16" ten="30,8000,1" yaku="20,1,52,3,54,1" doraHai="128" who="1" fromWho="1" sc="177,-20,352,80,147,-20,324,-40" /><INIT seed="4,0,0,3,4,59" ten="157,432,127,284" oya="0" hai0="126,31,111,116,127,83,68,115,53,44,21,70,82" hai1="89,20,7,133,35,8,119,15,118,18,56,81,134" hai2="90,74,26,80,75,38,125,86,131,95,9,48,51" hai3="52,72,22,103,40,5,3,11,98,110,99,50,14"/><T123/><D116/><N who="1" m="44587" /><E56/><V1/><F131/><W63/><G110/><T24/><D123/><U34/><E81/><N who="0" m="30729" /><D111/><U12/><E89/><V84/><F125/><N who="0" m="47626" /><D115/><U13/><E13/><V120/><F120/><W55/><G72/><T69/><D53/><U135/><AGARI ba="0,0" hai="7,8,12,15,18,20,34,35,133,134,135" m="44587" machi="135" ten="40,5200,0" yaku="20,1,34,2" doraHai="59" who="1" fromWho="1" sc="157,-26,432,52,127,-13,284,-13" /><INIT seed="5,0,0,4,4,66" ten="131,484,114,271" oya="1" hai0="91,40,86,75,71,94,82,64,92,72,12,4,132" hai1="33,56,130,55,2,7,104,3,5,120,13,57,24" hai2="58,110,106,31,133,17,84,69,81,89,48,125,49" hai3="29,123,14,38,115,54,18,39,116,74,35,114,53"/><U102/><E120/><V23/><F106/><W62/><G74/><T41/><D132/><U43/><E130/><V93/><F110/><W36/><G123/><T51/><D94/><U111/><E111/><V100/><F133/><W122/><G122/><T135/><D135/><U45/><E104/><V118/><F118/><W113/><G116/><T42/><D51/><U9/><E102/><V21/><F69/><W44/><G44/><T107/><D107/><U47/><E33/><V112/><F125/><W83/><G83/><T28/><D28/><U129/><E24/><N who="2" m="16783" /><F58/><W61/><G29/><T108/><D108/><U76/><E76/><N who="2" m="46119" /><F100/><W59/><G35/><T128/><D128/><U80/><E80/><V37/><F37/><W73/><G73/><T87/><D4/><U11/><E129/><V34/><F112/><W26/><G26/><T46/><D46/><U85/><E85/><N who="2" m="52399" /><F34/><W126/><G126/><T27/><D27/><AGARI ba="0,0" hai="17,23,27,48,49" m="52399,46119,16783" machi="27" ten="30,1000,0" yaku="8,1" doraHai="66" who="2" fromWho="0" sc="131,-10,484,0,114,10,271,0" /><INIT seed="6,0,0,1,5,24" ten="121,484,124,271" oya="2" hai0="11,36,1,97,4,105,117,5,56,100,77,20,7" hai1="45,96,41,37,87,27,17,31,109,23,85,33,92" hai2="74,70,28,3,104,64,113,114,126,40,130,55,58" hai3="121,13,18,29,6,61,10,111,119,82,47,107,106"/><V15/><F3/><W69/><G111/><T133/><D133/><U46/><E46/><V125/><F74/><W60/><G119/><T62/><D117/><U0/><E0/><V25/><F104/><W51/><G121/><T93/><D36/><U32/><E109/><V66/><F40/><W9/><G69/><T129/><D129/><U30/><E33/><N who="2" m="20623" /><F15/><W12/><G106/><T78/><D20/><U99/><E99/><V108/><F70/><W39/><G39/><T65/><D105/><U26/><E31/><V73/><F73/><W94/><G107/><T135/><D135/><U120/><E120/><V124/><F108/><W50/><G94/><T84/><D84/><U54/><E54/><V71/><F71/><W134/><G134/><T19/><REACH who="0" step="1"/><D1/><REACH who="0" ten="111,484,124,271" step="2"/><U110/><E110/><V118/><F118/><W123/><G123/><T122/><D122/><U112/><E112/><N who="2" m="43115" /><F130/><W128/><G128/><T88/><D88/><AGARI ba="0,1" hai="17,23,26,27,30,32,37,41,45,85,87,88,92,96" machi="88" ten="30,3900,0" yaku="7,1,52,1,54,1" doraHai="24" who="1" fromWho="0" sc="111,-39,484,49,124,0,271,0" /><INIT seed="7,0,0,3,1,36" ten="72,533,124,271" oya="3" hai0="68,29,65,62,70,78,38,80,82,71,75,9,40" hai1="3,24,52,101,53,49,2,35,11,67,134,131,86" hai2="43,122,59,54,128,116,110,7,44,99,26,17,105" hai3="61,57,32,76,20,129,18,94,55,39,6,111,118"/><W88/><G118/><T104/><D104/><U51/><E131/><V109/><F116/><W22/><G129/><T77/><D29/><U64/><E134/><V15/><F128/><W121/><G121/><T123/><D123/><U127/><E127/><V14/><F122/><W33/><G39/><T95/><D95/><U16/><E35/><V84/><F105/><W5/><G76/><T112/><D112/><U37/><E37/><V4/><F109/><W87/><G111/><T46/><D9/><U72/><E72/><AGARI ba="0,0" hai="38,40,46,62,65,68,70,71,72,75,77,78,80,82" machi="72" ten="30,12000,2" yaku="7,1,9,1,33,3,52,1" doraHai="36" who="0" fromWho="1" sc="72,120,533,-120,124,0,271,0" owari="192,-21.0,413,52.0,124,-38.0,271,7.0" /></mjloggm>