<mjloggm ver="2.3"><GO type="169" lobby="0"/><UN n0="%E8%B2%BF%E6%98%93" n1="%E3%81%8B%E3%81%B4%E3%81%B1%E3%82%89" n2="%E3%83%8F%E3%82%BF%E3%83%A2%E3%83%88%E3%83%92%E3%83%AD" n3="%E3%83%95%E3%83%BC%E3%82%AC" dan="17,17,16,16" rate="2178.38,2204.28,2056.36,2166.75" sx="M,M,M,M"/><TAIKYOKU oya="0"/><INIT seed="0,0,0,4,1,95" ten="250,250,250,250" oya="0" hai0="102,33,47,111,58,133,21,91,85,19,28,94,130" hai1="18,48,39,55,20,126,14,60,69,81,92,86,100" hai2="32,74,56,31,41,90,3,65,114,13,27,79,101" hai3="40,16,67,36,15,49,99,113,29,17,105,106,122"/><T97/><D130/><U131/><E39/><V44/><F114/><W96/><G113/><T64/><D133/><U128/><E126/><V82/><F3/><W129/><G129/><N who="1" m="49738" /><E69/><V11/><F90/><W112/><G112/><T110/><D47/><N who="1" m="28063" /><E60/><V121/><F121/><W109/><G122/><T38/><D38/><U135/><E135/><V26/><F101/><W43/><G36/><T73/><D73/><U9/><E100/><V68/><F68/><W12/><G67/><T104/><D33/><U123/><E92/><V83/><F83/><W127/><G49/><T77/><D28/><U116/><E123/><V98/><F65/><W25/><G29/><T23/><D77/><N who="1" m="46383" /><E9/><V46/><F11/><W76/><G76/><T118/><D23/><U88/><E88/><V22/><F79/><W52/><G25/><T120/><D120/><U119/><AGARI ba="0,0" hai="14,18,20,116,119" m="46383,28063,49738" machi="119" ten="30,1100,0" yaku="19,1" doraHai="95" who="1" fromWho="1" sc="250,-5,250,11,250,-3,250,-3" /><INIT seed="1,0,0,1,4,42" ten="245,261,247,247" oya="1" hai0="32,95,70,59,122,20,124,45,94,71,24,16,103" hai1="64,27,55,132,50,106,108,128,80,78,92,4,72" hai2="30,77,85,99,3,51,104,93,90,18,15,57,68" hai3="75,61,111,131,120,73,21,96,117,134,56,102,17"/><U83/><E106/><V33/><F3/><W127/><G120/><T36/><D124/><U6/><E128/><V26/><F68/><W40/><G127/><T5/><D122/><U10/><E132/><V9/><F77/><W86/><G134/><T63/><D32/><U89/><E108/><V81/><F104/><W2/><G2/><T23/><D5/><U126/><E126/><V48/><F57/><W8/><G8/><T100/><D70/><U67/><E83/><V82/><F81/><W98/><G111/><T109/><D71/><U74/><E74/><V69/><REACH who="2" step="1"/><F69/><REACH who="2" ten="245,261,237,247" step="2"/><W119/><G56/><T13/><D109/><U37/><E80/><V31/><F31/><W1/><G1/><T129/><D94/><U49/><E78/><V54/><F54/><W47/><G131/><T25/><D129/><U135/><E55/><V113/><F113/><W35/><G117/><T121/><D95/><U41/><E92/><V44/><F44/><W0/><G47/><T46/><D121/><U34/><E135/><V43/><F43/><W84/><G40/><T110/><D110/><U118/><E41/><V19/><F19/><W91/><G17/><N who="0" m="12399" /><D36/><U114/><E37/><V116/><F116/><W65/><G119/><T53/><D100/><U107/><E114/><V112/><F112/><W28/><G102/><T38/><D103/><U97/><E118/><V66/><F66/><W22/><G65/><T101/><D101/><U133/><E107/><V130/><F130/><W12/><G0/><T76/><D38/><U29/><E133/><V11/><F11/><W58/><G28/><RYUUKYOKU ba="0,1" sc="245,-10,261,-10,237,30,247,-10" hai2="9,15,18,26,30,33,48,51,82,85,90,93,99" /><INIT seed="2,1,1,1,3,54" ten="235,251,267,237" oya="2" hai0="10,77,55,91,66,57,38,51,53,85,97,109,17" hai1="27,87,95,59,40,68,82,67,72,80,111,29,76" hai2="125,1,83,104,123,61,86,73,90,74,126,20,42" hai3="108,96,65,5,34,69,121,58,117,64,94,70,84"/><V92/><F1/><W45/><G117/><T32/><D38/><U37/><E111/><V75/><F42/><W48/><G108/><T116/><D109/><U52/><E95/><V134/><F20/><W0/><G121/><T101/><D32/><U130/><E130/><V43/><F43/><W102/><G34/><T33/><D33/><U98/><E98/><N who="2" m="57623" /><F61/><W47/><G70/><T8/><D77/><U16/><E68/><V41/><F41/><W19/><G69/><T112/><D66/><U115/><E67/><V18/><F18/><W9/><G65/><T30/><D30/><U128/><E128/><V21/><F21/><W99/><G84/><T63/><D112/><U118/><E118/><V133/><F104/><W14/><G99/><T11/><D116/><U120/><E120/><V100/><F100/><W79/><G79/><T15/><D97/><U13/><E115/><V132/><F123/><W103/><G103/><T35/><D35/><U26/><E29/><V113/><F113/><W7/><G7/><T71/><D101/><U6/><E6/><V56/><F56/><W127/><G0/><T129/><D71/><U23/><E40/><V135/><N who="2" m="33792" /><DORA hai="105" /><V124/><F74/><W2/><G2/><T22/><D129/><U28/><E28/><V131/><F131/><W60/><G5/><T110/><D110/><U24/><E37/><V44/><F44/><N who="3" m="16971" /><G48/><T12/><D51/><N who="1" m="31135" /><E72/><V4/><F4/><W122/><G122/><T89/><D53/><U93/><E76/><AGARI ba="1,1" hai="73,75,76,83,86,124,125,126" m="33792,57623" machi="76" ten="60,18000,2" yaku="18,1,20,1,34,2,52,2" doraHai="54,105" who="2" fromWho="1" sc="235,0,251,-183,267,193,237,0" /><INIT seed="2,2,0,0,5,74" ten="235,68,460,237" oya="2" hai0="32,125,71,31,88,93,91,75,37,94,89,126,128" hai1="135,76,18,124,55,101,17,110,80,40,133,0,113" hai2="69,39,22,54,112,8,11,26,1,61,111,85,132" hai3="127,49,109,41,105,7,92,16,28,58,103,60,4"/><V21/><F39/><W25/><G105/><T90/><D71/><U36/><E0/><V68/><F1/><W9/><G109/><T46/><D128/><U120/><E113/><V83/><F68/><W6/><G127/><N who="0" m="48651" /><D75/><U56/><E124/><V29/><F132/><N who="1" m="50761" /><E110/><V121/><F121/><W73/><G73/><T33/><D31/><U47/><E120/><V2/><F2/><W62/><G28/><T108/><D108/><U114/><E101/><V27/><F112/><W118/><G118/><T34/><N who="0" m="22528" /><DORA hai="20" /><T50/><D37/><U35/><E35/><V13/><F69/><W78/><G41/><AGARI ba="2,0" hai="32,33,34,41,46,50,93,94" m="22528,48651" machi="41" ten="50,3200,0" yaku="18,1,54,1" doraHai="74,20" who="0" fromWho="3" sc="235,38,68,0,460,0,237,-38" /><INIT seed="3,0,0,3,3,20" ten="273,68,460,199" oya="3" hai0="62,68,16,72,51,12,67,66,26,113,10,11,80" hai1="42,118,130,33,55,132,29,79,24,126,81,90,6" hai2="0,99,102,36,133,47,31,125,59,135,93,28,89" hai3="111,23,43,49,75,15,122,46,112,18,8,87,107"/><W73/><G112/><T83/><D113/><U63/><E132/><N who="2" m="50763" /><F0/><W91/><G122/><T108/><D108/><U134/><E126/><V129/><F129/><W77/><G107/><T57/><D72/><U124/><E124/><V101/><F125/><W25/><G111/><T32/><D10/><U19/><E134/><V116/><F116/><W104/><G104/><T115/><D115/><U21/><E130/><V109/><F59/><W35/><G35/><T120/><D120/><U60/><E118/><V44/><F44/><W50/><G50/><T53/><REACH who="0" step="1"/><D67/><REACH who="0" ten="263,68,460,199" step="2"/><U40/><E6/><V7/><F7/><W54/><G77/><T27/><D27/><U58/><E63/><V41/><F109/><W74/><G43/><T94/><D94/><U34/><E34/><V70/><F41/><W14/><REACH who="3" step="1"/><G8/><REACH who="3" ten="263,68,460,189" step="2"/><T69/><D69/><U82/><E42/><V97/><F70/><W38/><G38/><T61/><D61/><U45/><E79/><V22/><F36/><W78/><G78/><T52/><D52/><U110/><E110/><V9/><F9/><W121/><G121/><T119/><D119/><U117/><E117/><V48/><F48/><W92/><AGARI ba="0,2" hai="14,15,18,23,25,46,49,54,73,74,75,87,91,92" machi="92" ten="30,6000,0" yaku="1,1,0,1,52,1,53,0" doraHai="20" doraHaiUra="131" who="3" fromWho="3" sc="263,-20,68,-20,460,-20,189,80" /><INIT seed="3,1,0,5,0,92" ten="243,48,440,269" oya="3" hai0="109,64,15,56,83,49,76,51,133,20,87,116,105" hai1="43,134,73,58,86,55,17,52,131,46,97,85,96" hai2="99,53,77,19,24,37,21,28,23,104,41,0,65" hai3="9,57,31,40,7,81,6,18,71,80,100,119,114"/><W32/><G71/><T3/><D3/><U118/><E73/><V13/><F0/><W120/><G120/><T125/><D116/><U74/><E74/><V39/><F77/><W11/><G119/><T130/><D105/><U113/><E118/><V101/><F41/><W4/><G114/><T54/><D109/><U67/><E113/><V128/><F128/><W36/><G36/><T16/><D130/><U122/><E131/><V22/><F65/><W72/><G40/><T35/><D35/><U2/><E2/><V26/><F53/><N who="1" m="20553" /><E122/><V30/><AGARI ba="1,0" hai="13,19,21,22,23,24,26,28,30,37,39,99,101,104" machi="30" ten="20,5200,0" yaku="0,1,7,1,9,1,52,1" doraHai="92" who="2" fromWho="2" sc="243,-14,48,-14,440,55,269,-27" /><INIT seed="4,0,0,2,0,129" ten="229,34,495,242" oya="0" hai0="2,52,131,33,32,124,17,22,108,112,12,86,127" hai1="88,77,9,50,81,135,38,1,95,82,42,54,21" hai2="68,59,96,90,15,101,10,92,20,107,78,99,24" hai3="116,3,30,4,31,97,106,16,71,0,19,132,67"/><T76/><D2/><U119/><E119/><V75/><F68/><W23/><G71/><T114/><D131/><U60/><E60/><V84/><F96/><W37/><G37/><T41/><D41/><U120/><E120/><V18/><F59/><W83/><G67/><T40/><D40/><U126/><E126/><N who="0" m="48169" /><D108/><U64/><E64/><V7/><F75/><W25/><G83/><N who="0" m="47463" /><D52/><U94/><E135/><V63/><F78/><W109/><G109/><T65/><D65/><U128/><E128/><V130/><F63/><W110/><G110/><T27/><D27/><U133/><E133/><V34/><F34/><AGARI ba="0,0" hai="12,17,22,32,33,34,112,114" m="47463,48169" machi="34" ten="30,1500,0" yaku="18,1" doraHai="129" who="0" fromWho="2" sc="229,15,34,0,495,-15,242,0" /><INIT seed="4,1,0,1,5,30" ten="244,34,480,242" oya="0" hai0="3,66,26,47,0,51,56,13,126,133,18,11,53" hai1="36,43,62,27,61,131,127,129,97,74,67,48,114" hai2="17,124,87,75,35,34,72,12,23,16,44,71,1" hai3="50,41,110,80,121,98,118,125,19,14,65,119,29"/><T60/><D126/><U10/><E74/><V76/><F71/><W111/><G80/><T103/><D133/><U59/><E127/><V78/><F1/><W96/><G125/><T15/><D26/><U21/><E97/><V101/><F75/><W58/><G121/><T88/><D103/><U112/><E10/><V32/><F72/><W25/><G111/><T5/><D88/><U46/><E21/><AGARI ba="1,0" hai="0,3,5,11,13,15,18,21,47,51,53,56,60,66" machi="21" ten="30,1500,0" yaku="7,1" doraHai="30" who="0" fromWho="1" sc="244,18,34,-18,480,0,242,0" /><INIT seed="4,2,0,3,3,0" ten="262,16,480,242" oya="0" hai0="84,68,19,40,110,118,10,4,91,18,54,34,30" hai1="33,65,130,13,131,122,53,67,43,108,49,112,111" hai2="101,124,133,55,20,100,132,80,46,9,51,117,123" hai3="90,85,26,94,44,41,87,25,14,3,35,113,81"/><T37/><D118/><U64/><E33/><V8/><F123/><W109/><G3/><T48/><D68/><U103/><E103/><N who="2" m="39499" /><F124/><W134/><G109/><N who="1" m="42058" /><E13/><V42/><F117/><W128/><G134/><N who="2" m="51817" /><F55/><W105/><G105/><T69/><D69/><U125/><E122/><V107/><F107/><W38/><G128/><N who="1" m="49194" /><E125/><V62/><F62/><W45/><G113/><T72/><D72/><U58/><E43/><V127/><F127/><W76/><G35/><T120/><D120/><U39/><E39/><V28/><F80/><W5/><REACH who="3" step="1"/><G45/><REACH who="3" ten="262,16,480,232" step="2"/><T63/><D110/><U79/><E79/><V52/><F42/><W61/><G61/><T93/><D63/><N who="1" m="38007" /><E112/><V102/><F46/><AGARI ba="2,1" hai="46,49,53,65,67" m="38007,49194,42058" machi="46" ten="30,3900,0" yaku="19,1,34,2" doraHai="0" who="1" fromWho="2" sc="262,0,16,55,480,-45,232,0" /><INIT seed="5,0,0,4,3,56" ten="262,71,435,232" oya="1" hai0="90,103,122,99,108,38,45,89,119,88,15,78,7" hai1="94,116,3,31,30,101,0,58,5,8,49,126,86" hai2="124,77,4,76,54,132,10,74,35,14,6,18,40" hai3="134,127,17,46,98,102,121,28,19,63,79,75,34"/><U84/><E126/><V93/><F35/><W59/><G121/><T82/><D119/><U97/><E116/><V83/><F132/><W69/><G127/><T115/><D122/><U135/><E135/><V100/><F124/><W104/><G134/><T33/><D33/><U22/><E3/><V29/><F29/><W62/><G46/><T129/><D108/><U9/><E8/><V26/><F40/><W112/><G112/><T95/><D115/><U96/><E96/><N who="2" m="59407" /><F74/><W53/><G79/><N who="2" m="30281" /><F83/><W41/><G41/><T42/><D129/><U131/><E131/><V32/><F32/><W87/><G87/><T68/><D68/><U12/><E0/><V60/><F26/><N who="3" m="18711" /><G75/><T107/><D7/><U130/><E130/><V67/><F67/><AGARI ba="0,0" hai="17,19,53,59,62,63,67,69,98,102,104" m="18711" machi="67" ten="30,3900,0" yaku="25,1,52,2" doraHai="56" who="3" fromWho="2" sc="262,0,71,0,435,-39,232,39" /><INIT seed="6,0,0,4,3,92" ten="262,71,396,271" oya="2" hai0="42,46,95,48,73,61,4,105,10,52,110,41,9" hai1="65,88,29,66,43,37,13,11,53,77,82,121,14" hai2="33,132,39,6,17,108,96,135,60,129,47,35,120" hai3="104,54,72,76,84,30,28,2,56,86,0,23,112"/><V45/><F120/><W83/><G112/><T44/><D105/><U87/><E121/><V36/><F6/><W81/><G104/><T27/><D73/><U103/><E103/><V126/><F17/><W115/><G115/><T130/><D110/><U128/><E128/><V97/><F60/><W106/><G106/><T113/><D113/><U78/><E29/><V123/><F123/><W21/><G72/><T70/><D130/><U50/><E37/><V8/><F8/><W51/><G2/><T49/><D27/><U7/><E43/><V24/><F24/><W63/><G0/><T12/><D10/><U40/><E40/><V59/><F59/><W99/><G99/><T1/><D95/><U22/><E78/><V71/><F126/><W31/><REACH who="3" step="1"/><G63/><REACH who="3" ten="262,71,396,261" step="2"/><T125/><D1/><U114/><E114/><V68/><F129/><W55/><G55/><T91/><D125/><U117/><E117/><V118/><F108/><W16/><G16/><T15/><D15/><U89/><E14/><V122/><F122/><W102/><G102/><T107/><D107/><U19/><E66/><V101/><F101/><W80/><G80/><T25/><D25/><U127/><E65/><V69/><F69/><W5/><G5/><T94/><D70/><U32/><E127/><V34/><F118/><W75/><G75/><T119/><D119/><U67/><E67/><V20/><F71/><W64/><G64/><T62/><D52/><U90/><E32/><V79/><F35/><W74/><G74/><T38/><D38/><U98/><E98/><AGARI ba="0,1" hai="4,9,12,41,42,44,46,48,49,61,62,91,94,98" machi="98" ten="30,7700,0" yaku="7,1,9,1,8,1,52,1" doraHai="92" who="0" fromWho="1" sc="262,87,71,-77,396,0,261,0" owari="349,15.0,-6,-51.0,396,50.0,261,-14.0" /></mjloggm>