<mjloggm ver="2.3"><GO type="185" lobby="0"/><UN n0="%E6%9C%9D%E7%AB%8B%E3%81%A1%E5%93%B2%E4%B9%9F" n1="%E3%82%B2%E3%83%B3%E3%82%BA" n2="%E6%A2%B6%E9%9A%86%E8%87%A3" n3="" dan="16,16,17,0" rate="2176.51,2077.70,2283.33,1500.00" sx="M,M,M,C"/><TAIKYOKU oya="0"/><INIT seed="0,0,0,2,5,110" ten="350,350,350,0" oya="0" hai0="124,38,112,57,53,66,43,84,65,90,33,107,134" hai1="108,106,125,118,32,60,63,42,3,97,2,95,109" hai2="34,61,132,58,93,104,79,50,129,122,1,80,49" hai3=""/><T111/><D33/><U0/><E32/><V55/><N who="2" m="31264" /><V74/><F34/><T91/><D107/><U98/><E118/><V68/><F104/><T47/><D111/><N who="1" m="42571" /><E42/><V99/><F1/><T130/><D130/><U103/><E125/><V86/><F129/><T94/><D124/><U52/><E52/><V62/><F132/><T41/><D134/><U75/><E75/><V131/><F131/><T81/><D43/><U96/><E96/><V48/><F74/><T70/><D66/><U51/><E51/><V116/><F116/><T120/><N who="0" m="30752" /><T64/><D65/><U76/><E76/><V72/><F72/><T117/><D117/><U83/><E83/><V39/><F39/><T73/><D73/><U82/><E82/><V89/><REACH who="2" step="1"/><F62/><REACH who="2" ten="350,350,340,0" step="2"/><T59/><D38/><U113/><E60/><V71/><AGARI ba="0,1" hai="48,49,50,55,58,61,68,71,79,80,86,89,93,99" m="31264" machi="71" ten="30,6000,1" yaku="1,1,2,1,0,1,52,1,53,1" doraHai="110" doraHaiUra="56" who="2" fromWho="2" sc="350,-40,350,-20,340,70,0,0" /><INIT seed="1,0,0,3,5,75" ten="310,330,410,0" oya="1" hai0="66,53,77,69,110,102,123,135,50,83,112,61,109" hai1="76,2,84,47,131,45,119,124,127,116,87,98,42" hai2="133,0,132,59,43,63,39,70,100,90,32,44,121" hai3=""/><U81/><E2/><V111/><N who="2" m="31008" /><V40/><F0/><T51/><N who="0" m="31520" /><T74/><D112/><U93/><E45/><V86/><F32/><T34/><D34/><U57/><E57/><V99/><F111/><N who="0" m="42506" /><D135/><U38/><E87/><V91/><F43/><T82/><D102/><U129/><E119/><V48/><F70/><T107/><D107/><U128/><REACH who="1" step="1"/><E116/><REACH who="1" ten="310,320,410,0" step="2"/><V85/><F132/><T126/><D126/><U134/><E134/><V108/><F133/><T33/><D33/><U104/><E104/><V46/><F108/><T118/><D118/><U96/><E96/><V1/><F1/><T68/><D68/><U41/><E41/><V80/><F44/><T79/><D53/><U3/><E3/><V114/><F86/><AGARI ba="0,1" hai="50,51,61,66,69,74,77,79,82,83,86" m="42506,31520" machi="86" ten="30,7700,0" yaku="14,1,52,3" doraHai="75" who="0" fromWho="2" sc="310,87,320,0,410,-77,0,0" /><INIT seed="2,0,0,4,2,122" ten="397,320,333,0" oya="2" hai0="71,63,38,98,1,35,0,33,128,65,51,103,68" hai1="134,117,127,113,132,86,82,45,105,78,90,79,59" hai2="83,67,89,109,126,99,107,73,2,44,36,76,50" hai3=""/><V119/><F2/><T32/><D128/><U102/><E113/><V116/><F36/><T120/><N who="0" m="30752" /><T40/><D51/><U37/><E59/><V108/><F126/><T55/><D55/><U92/><E127/><V88/><F67/><T129/><D129/><U94/><E117/><N who="2" m="45131" /><F50/><T104/><REACH who="0" step="1"/><D71/><REACH who="0" ten="387,320,333,0" step="2"/><U77/><E37/><V69/><F69/><T64/><D64/><U106/><E45/><AGARI ba="0,1" hai="0,1,32,33,35,38,40,45,63,65,68,98,103,104" m="30752" machi="45" ten="40,12000,2" yaku="1,1,33,3,52,1,53,1" doraHai="122" doraHaiUra="56" who="0" fromWho="1" sc="387,130,320,-120,333,0,0,0" /><INIT seed="4,0,0,4,3,103" ten="517,200,333,0" oya="0" hai0="89,76,121,56,65,63,83,60,32,125,1,93,70" hai1="84,53,78,94,116,131,126,34,37,36,122,67,59" hai2="97,51,62,61,57,64,109,35,0,49,47,130,71" hai3=""/><T107/><N who="0" m="31008" /><T48/><D125/><U45/><N who="1" m="31264" /><U82/><E34/><V50/><F35/><T44/><D1/><U119/><E126/><V52/><F0/><T106/><D32/><U43/><E131/><V118/><F130/><T113/><D113/><U92/><E37/><V104/><F109/><T66/><D93/><U87/><E67/><V132/><F132/><T129/><D89/><U98/><E87/><V133/><F133/><T108/><D108/><U74/><E74/><V77/><F77/><T75/><D129/><U41/><E41/><AGARI ba="0,0" hai="41,44,48,56,60,63,65,66,70,75,76,83,106,107" m="31008" machi="41" ten="30,11600,0" yaku="7,1,52,3" doraHai="103" who="0" fromWho="1" sc="517,116,200,-116,333,0,0,0" /><INIT seed="4,1,0,4,2,65" ten="633,84,333,0" oya="0" hai0="135,91,56,90,117,44,71,88,106,36,85,47,35" hai1="93,40,113,2,87,130,86,53,38,57,76,107,83" hai2="114,75,39,3,62,97,94,119,134,131,41,63,79" hai3=""/><T55/><D35/><U120/><N who="1" m="30752" /><U51/><E2/><V80/><F3/><T96/><D117/><U126/><E107/><V68/><F119/><T58/><D135/><U74/><E126/><V82/><F114/><T89/><D71/><U111/><E111/><V77/><F131/><T37/><D96/><U67/><E130/><V69/><F134/><T66/><D106/><U45/><E113/><V110/><F110/><T105/><D105/><U109/><E109/><V122/><N who="2" m="31264" /><V43/><F39/><T95/><D66/><U127/><E127/><V118/><F118/><T124/><D124/><U1/><E1/><V125/><F125/><T0/><D0/><U33/><E33/><V32/><F32/><T121/><N who="0" m="31008" /><T116/><D116/><U59/><REACH who="1" step="1"/><E93/><REACH who="1" ten="633,74,333,0" step="2"/><V34/><F34/><T132/><D132/><U70/><E70/><V64/><F94/><T54/><D36/><U73/><E73/><V102/><F75/><T103/><D37/><U49/><E49/><V115/><F115/><T99/><D85/><U108/><E108/><V48/><F68/><T84/><D84/><U112/><E112/><V46/><F69/><T61/><N who="0" m="23040" /><DORA hai="78" /><T129/><D129/><U123/><N who="1" m="31520" /><U92/><E92/><RYUUKYOKU ba="1,1" sc="633,10,74,10,333,-20,0,0" hai0="44,47,54,55,56,58,61,95,99,103" hai1="38,40,45,51,53,57,59,67,74,76,83,86,87" /><INIT seed="4,2,1,3,1,98" ten="643,84,313,0" oya="0" hai0="40,123,61,37,67,95,81,132,38,0,3,76,45" hai1="58,42,68,83,128,101,32,94,78,55,93,2,47" hai2="82,117,108,115,51,73,114,53,85,66,116,77,110" hai3=""/><T72/><N who="0" m="31520" /><T36/><D95/><U112/><E32/><V75/><F66/><T41/><D132/><U125/><E2/><N who="0" m="553" /><D41/><U56/><E68/><AGARI ba="2,1" hai="36,37,38,40,45,61,67,68,72,76,81" m="553,31520" machi="68" ten="30,5800,0" yaku="33,2,52,1" doraHai="98" who="0" fromWho="1" sc="643,72,84,-62,313,0,0,0" /><INIT seed="4,3,0,5,3,103" ten="715,22,313,0" oya="0" hai0="125,72,79,62,66,93,74,127,89,73,56,3,129" hai1="104,48,134,71,85,102,109,75,115,77,47,64,123" hai2="61,0,105,111,35,130,83,100,33,44,70,46,43" hai3=""/><T39/><D3/><U49/><N who="1" m="31520" /><U1/><E109/><V32/><F0/><T120/><N who="0" m="30752" /><T122/><N who="0" m="31264" /><T68/><D39/><U114/><E1/><V87/><F111/><T88/><D129/><U42/><E134/><V135/><F130/><T121/><N who="0" m="31008" /><T41/><D41/><U59/><E75/><V116/><F135/><T101/><D68/><U50/><E71/><V57/><F116/><T76/><D101/><U133/><E133/><V37/><F70/><T113/><D113/><N who="1" m="43019" /><E77/><N who="0" m="29769" /><D93/><U131/><E131/><V96/><F33/><T69/><D69/><U132/><E132/><V98/><F37/><T53/><D66/><U36/><E85/><V118/><F87/><T51/><D62/><U40/><E40/><V54/><F43/><T52/><D53/><U80/><E80/><V108/><F83/><T126/><AGARI ba="3,0" hai="51,52,56,72,73,74,88,89,125,126,127" m="29769,31008,31264,30752" machi="126" ten="40,12000,2" yaku="18,1,52,3,54,2" doraHai="103" who="0" fromWho="0" sc="715,126,22,-63,313,-63,0,0" owari="841,79.0,-41,-64.0,250,-15.0,0,0.0" /></mjloggm>