<mjloggm ver="2.3"><GO type="169" lobby="0"/><UN n0="%E3%81%8A%E3%81%A7%E3%82%93%E3%81%A4%E3%81%8F%E3%82%8D%EF%BC%81" n1="%E3%82%A4%E3%82%BA%E3%83%9F%E3%83%B3" n2="%66%61%6E%73%74%65%70" n3="%E3%81%B5%E3%81%BF%4B%55%4E" dan="16,16,16,16" rate="2113.12,2083.60,2130.81,2091.80" sx="M,M,M,M"/><TAIKYOKU oya="0"/><INIT seed="0,0,0,1,5,107" ten="250,250,250,250" oya="0" hai0="52,68,27,101,64,49,81,40,133,134,83,126,6" hai1="8,117,102,50,86,54,65,87,29,32,74,63,72" hai2="47,41,46,20,70,128,114,104,9,79,120,121,118" hai3="111,78,80,25,73,55,97,22,57,100,89,26,11"/><T108/><D101/><U106/><E117/><V33/><F79/><W39/><G39/><T45/><D126/><U75/><E8/><V129/><F104/><W90/><G111/><T58/><D6/><U85/><E102/><V69/><F9/><W42/><G42/><T105/><D105/><U132/><E106/><V4/><F20/><W0/><G0/><T14/><D108/><U103/><E103/><V71/><F33/><W30/><G11/><T53/><D14/><U61/><E132/><N who="0" m="50793" /><D27/><U113/><E113/><V116/><F4/><W122/><G122/><N who="2" m="47209" /><F114/><W31/><G97/><T19/><D19/><U88/><E88/><V135/><F135/><W62/><REACH who="3" step="1"/><G100/><REACH who="3" ten="250,250,250,240" step="2"/><T125/><D125/><U98/><E98/><V16/><F16/><W17/><G17/><T18/><D18/><U67/><E29/><V35/><F35/><AGARI ba="0,1" hai="22,25,26,30,31,35,55,57,62,73,78,80,89,90" machi="35" ten="30,3900,0" yaku="1,1,7,1,52,1,53,0" doraHai="107" doraHaiUra="119" who="3" fromWho="2" sc="250,0,250,0,250,-39,240,49" /><INIT seed="1,0,0,1,1,112" ten="250,250,211,289" oya="1" hai0="48,113,70,44,85,32,84,110,102,132,33,123,26" hai1="115,2,25,8,125,14,67,71,75,0,15,89,74" hai2="5,120,77,17,99,88,117,69,128,130,37,54,42" hai3="58,41,96,38,36,22,7,100,16,30,13,131,52"/><U68/><E115/><V60/><F120/><W66/><G131/><T10/><D113/><U126/><E25/><V9/><F17/><W46/><G66/><T86/><D70/><U97/><E67/><V73/><F54/><W103/><G103/><T4/><D110/><U79/><E89/><V20/><F20/><W76/><G76/><T81/><D132/><U124/><E97/><V57/><F57/><W105/><G7/><T101/><D81/><U55/><E55/><V82/><F60/><W23/><G30/><T59/><D59/><U27/><E27/><V127/><F69/><N who="1" m="26697" /><E79/><V121/><F121/><W29/><G29/><T18/><D123/><U65/><E65/><V78/><F78/><W107/><G38/><T12/><D32/><U50/><E50/><V122/><F122/><W119/><G119/><T34/><D34/><U92/><E92/><N who="2" m="56711" /><F117/><W24/><G105/><T64/><D64/><U87/><E87/><V63/><F63/><W108/><G108/><T43/><D33/><U98/><E98/><V62/><F62/><W40/><G40/><T35/><D35/><U31/><E31/><V133/><F133/><W28/><G58/><T21/><AGARI ba="0,0" hai="4,10,12,18,21,26,43,44,48,84,85,86,101,102" machi="21" ten="30,2000,0" yaku="0,1,8,1" doraHai="112" who="0" fromWho="0" sc="250,20,250,-10,211,-5,289,-5" /><INIT seed="2,0,0,5,4,132" ten="270,240,206,284" oya="2" hai0="72,115,86,70,38,90,54,87,97,122,6,23,37" hai1="46,53,27,51,117,133,30,18,119,120,35,45,61" hai2="107,103,91,13,98,75,111,105,100,28,25,50,11" hai3="64,22,83,5,62,26,80,14,110,88,112,39,68"/><V104/><F111/><W78/><G39/><T17/><D72/><U135/><E120/><V96/><F75/><W3/><G3/><T74/><D74/><U47/><E61/><V77/><F77/><W108/><G112/><T9/><D70/><U41/><E18/><V82/><F50/><W57/><G5/><T43/><D43/><U7/><E7/><V124/><F107/><W123/><G123/><T63/><D38/><U76/><E76/><V40/><F40/><W49/><G14/><N who="0" m="5431" /><D37/><U113/><E113/><V58/><F58/><W126/><G80/><T33/><D33/><U128/><E128/><V118/><F118/><W59/><G49/><T42/><D42/><U127/><E41/><V71/><F71/><W44/><G44/><N who="1" m="17002" /><E119/><V89/><F82/><W1/><G1/><T36/><D36/><U16/><E117/><V20/><REACH who="2" step="1"/><F124/><REACH who="2" ten="270,240,196,284" step="2"/><W93/><G126/><T85/><D122/><U29/><E127/><V94/><F94/><W101/><G83/><T24/><D115/><U109/><E109/><V125/><F125/><W12/><G78/><T19/><D63/><U52/><E133/><V48/><F48/><W55/><G108/><T102/><D54/><N who="1" m="30079" /><E135/><V114/><F114/><W32/><G110/><T95/><D90/><U134/><E134/><V130/><F130/><W116/><G116/><T60/><D60/><U79/><E79/><V73/><F73/><W81/><G62/><T31/><AGARI ba="0,1" hai="17,19,23,24,31,85,86,87,95,97,102" m="5431" machi="31" ten="30,1100,0" yaku="8,1" doraHai="132" who="0" fromWho="0" sc="270,21,240,-3,196,-5,284,-3" /><INIT seed="3,0,0,4,1,125" ten="291,237,191,281" oya="3" hai0="63,67,48,53,70,30,18,44,124,129,77,89,135" hai1="78,57,25,82,65,31,101,128,16,13,95,134,62" hai2="9,92,64,3,131,103,105,102,54,119,47,116,55" hai3="60,28,12,115,120,7,104,59,32,72,87,24,19"/><W106/><G115/><T126/><D30/><U11/><E134/><V1/><F64/><W58/><G72/><T108/><D108/><U81/><E128/><V26/><F26/><W27/><G120/><T22/><D77/><U17/><E17/><V8/><F47/><W80/><G27/><T117/><D117/><U2/><E2/><V88/><F92/><W100/><G7/><T90/><D135/><U38/><E38/><V107/><REACH who="2" step="1"/><F88/><REACH who="2" ten="291,237,181,281" step="2"/><W41/><G41/><T84/><D90/><U52/><E65/><V46/><F46/><W97/><G104/><T93/><D44/><U98/><REACH who="1" step="1"/><E78/><REACH who="1" ten="291,227,181,281" step="2"/><V35/><F35/><AGARI ba="0,2" hai="11,13,16,25,31,35,52,57,62,81,82,95,98,101" machi="35" ten="30,8000,1" yaku="1,1,2,1,7,1,54,2,53,0" doraHai="125" doraHaiUra="109" who="1" fromWho="2" sc="291,0,227,100,181,-80,281,0" /><INIT seed="4,0,0,4,3,118" ten="291,327,101,281" oya="0" hai0="21,124,130,79,86,35,89,106,126,120,112,44,7" hai1="46,113,33,2,23,67,68,103,98,125,9,91,57" hai2="133,30,6,134,110,119,16,38,100,82,28,70,34" hai3="58,62,20,45,43,105,31,37,83,85,54,80,52"/><T47/><D106/><U96/><E33/><V117/><F70/><W15/><G105/><T36/><D35/><U1/><E68/><V84/><F38/><W3/><G3/><T108/><D108/><U63/><E113/><V114/><F100/><W81/><G54/><T22/><D7/><U78/><E78/><V95/><F95/><W132/><G132/><N who="2" m="50793" /><F114/><W69/><G69/><T101/><D101/><U93/><E125/><V129/><F6/><W42/><G42/><T25/><D79/><U32/><E32/><V29/><F34/><W94/><G94/><T24/><D112/><U55/><E9/><V40/><F40/><W5/><G31/><T41/><D44/><U65/><E23/><N who="0" m="8713" /><D130/><U11/><E46/><V71/><F71/><W77/><REACH who="3" step="1"/><G5/><REACH who="3" ten="291,327,101,271" step="2"/><T61/><D41/><U60/><E55/><V50/><F110/><W66/><G66/><T116/><D126/><U87/><E2/><V92/><F92/><W123/><G123/><T135/><D120/><U99/><E103/><V48/><F129/><W122/><G122/><T97/><D124/><U72/><E98/><V64/><F64/><W115/><G115/><T27/><D97/><U107/><E99/><V19/><F84/><W4/><G4/><T10/><D135/><U53/><E96/><V73/><F73/><W102/><G102/><T74/><D74/><U56/><E72/><V14/><F82/><W8/><G8/><T109/><D10/><U131/><E107/><V18/><F14/><W13/><G13/><T111/><D111/><U17/><E131/><V76/><F76/><W128/><G128/><RYUUKYOKU ba="0,1" sc="291,-15,327,-15,101,15,271,15" hai2="16,18,19,28,29,30,48,50,117,119" hai3="15,20,37,43,45,52,58,62,77,80,81,83,85" /><INIT seed="5,1,1,2,0,111" ten="276,312,116,286" oya="1" hai0="49,2,103,128,117,108,54,19,56,4,36,41,82" hai1="25,88,79,20,129,18,17,85,83,92,118,26,75" hai2="134,119,127,55,33,91,60,135,51,112,30,98,24" hai3="50,0,34,35,23,93,131,7,106,89,86,44,52"/><U5/><E129/><V61/><F119/><W13/><G106/><T46/><D108/><U10/><E118/><V45/><F127/><W90/><G131/><T130/><D117/><U72/><E25/><V78/><F78/><W123/><G123/><T71/><D103/><U69/><E69/><V21/><F33/><W53/><G0/><T40/><D40/><U62/><E62/><V67/><F61/><W12/><G12/><T120/><D120/><U57/><E57/><V63/><F63/><W16/><G7/><T8/><D71/><U97/><REACH who="1" step="1"/><E18/><REACH who="1" ten="276,302,116,286" step="2"/><V66/><F60/><W3/><G35/><T6/><D19/><U59/><E59/><V32/><F32/><W73/><G34/><T37/><D6/><U107/><E107/><V109/><F109/><W104/><G104/><T122/><D122/><U77/><E77/><V43/><F67/><W14/><G3/><AGARI ba="1,2" hai="3,5,10,17,20,26,72,75,79,83,85,88,92,97" machi="3" ten="30,11600,0" yaku="1,1,7,1,54,1,53,1" doraHai="111" doraHaiUra="1" who="1" fromWho="3" sc="276,0,302,139,116,0,286,-119" /><INIT seed="5,2,0,2,4,117" ten="276,441,116,167" oya="1" hai0="128,48,104,83,92,68,49,67,134,115,109,45,30" hai1="24,51,88,55,118,123,58,114,28,17,46,0,52" hai2="21,43,124,62,7,97,96,57,50,87,63,71,16" hai3="31,110,15,101,105,1,14,82,133,59,116,98,90"/><U27/><E118/><V53/><F124/><W106/><G1/><T73/><D104/><U39/><E0/><V12/><F71/><W2/><G2/><T5/><D109/><U103/><E103/><V25/><F63/><W95/><G110/><T3/><D30/><U122/><E114/><V9/><F87/><W36/><G36/><T32/><D32/><U76/><E76/><V72/><F72/><W107/><G31/><T121/><D115/><U131/><E131/><V23/><F43/><W125/><G116/><T130/><D121/><U111/><E111/><V64/><REACH who="2" step="1"/><F21/><REACH who="2" ten="276,441,106,167" step="2"/><W89/><G125/><T40/><D73/><U100/><E122/><V127/><F127/><W54/><G133/><T65/><D40/><U99/><E123/><V34/><F34/><W113/><G113/><T74/><D68/><U79/><E79/><V20/><F20/><W33/><G33/><T26/><D74/><U10/><E39/><V61/><F61/><W91/><REACH who="3" step="1"/><G82/><REACH who="3" ten="276,441,106,157" step="2"/><T94/><D134/><U132/><E132/><V13/><F13/><W77/><G77/><T85/><D3/><U112/><E112/><V80/><F80/><W81/><G81/><T42/><D83/><U75/><E75/><V19/><F19/><W120/><G120/><T47/><D130/><U44/><E28/><V11/><F11/><W66/><G66/><T69/><D128/><U119/><E119/><V135/><F135/><W70/><G70/><T8/><D69/><U35/><E35/><V78/><F78/><W56/><G56/><T129/><D129/><U84/><E58/><V60/><F60/><AGARI ba="2,2" hai="14,15,54,59,60,89,90,91,95,98,101,105,106,107" machi="60" ten="50,3200,0" yaku="1,1,6,1,53,0" doraHai="117" doraHaiUra="41" who="3" fromWho="2" sc="276,0,441,0,106,-38,157,58" /><INIT seed="6,0,0,3,3,69" ten="276,441,68,215" oya="2" hai0="110,18,127,54,30,1,55,72,83,3,68,74,65" hai1="66,76,117,106,24,48,120,119,78,123,7,62,86" hai2="130,118,100,56,64,46,129,49,87,21,105,70,92" hai3="17,13,121,98,104,111,67,103,134,38,58,6,90"/><V50/><F105/><W44/><G111/><T47/><D30/><U45/><E106/><V40/><F118/><W132/><G121/><N who="1" m="46666" /><E7/><V15/><F100/><W34/><G34/><T124/><D18/><U19/><E24/><V61/><F21/><W60/><G6/><T94/><D94/><U107/><E19/><V63/><F15/><W75/><G75/><T16/><D16/><U81/><E76/><V126/><F87/><W36/><G90/><T39/><D83/><U10/><E10/><V131/><F92/><W9/><REACH who="3" step="1"/><G44/><REACH who="3" ten="276,441,68,205" step="2"/><T23/><D47/><U115/><E117/><V125/><REACH who="2" step="1"/><F50/><REACH who="2" ten="276,441,58,205" step="2"/><W59/><G59/><T28/><D72/><U122/><E119/><V96/><F96/><W116/><G116/><T101/><D74/><U29/><E122/><V0/><F0/><W5/><G5/><T22/><D3/><U8/><E48/><V32/><F32/><W133/><AGARI ba="0,2" hai="9,13,17,36,38,58,60,67,98,103,104,132,133,134" machi="133" ten="30,8000,1" yaku="1,1,0,1,20,1,52,2,53,0" doraHai="69" doraHaiUra="26" who="3" fromWho="3" sc="276,-20,441,-20,58,-40,205,100" /><INIT seed="7,0,0,0,4,25" ten="256,421,18,305" oya="3" hai0="79,56,121,67,130,52,46,14,103,54,35,69,34" hai1="61,45,127,94,71,57,84,109,37,51,16,68,33" hai2="102,133,105,110,126,13,49,122,32,114,30,116,44" hai3="22,0,17,47,1,101,48,55,12,60,134,43,135"/><W26/><G101/><T20/><D121/><U93/><E33/><V108/><F30/><W23/><G60/><T87/><D130/><U98/><E109/><V62/><F44/><W111/><G111/><T129/><D129/><U8/><E37/><V81/><F81/><W117/><G117/><T58/><D103/><U70/><E84/><V41/><F13/><W39/><G134/><T78/><D69/><U66/><E127/><V10/><F10/><W89/><G135/><T2/><D2/><U83/><E83/><V28/><F28/><W50/><G39/><T15/><D87/><U64/><E64/><V106/><F41/><W95/><G23/><T128/><D128/><U5/><E16/><V9/><F9/><W112/><G112/><T18/><D18/><U31/><E31/><V96/><F96/><W123/><G123/><T100/><D100/><U21/><E21/><V42/><F42/><W120/><G120/><T53/><D20/><U113/><E98/><V76/><F76/><W104/><G104/><T27/><D27/><U72/><E72/><V85/><F85/><N who="3" m="52655" /><G26/><T82/><D82/><U65/><E65/><V90/><F90/><W118/><G118/><T115/><D54/><N who="1" m="30063" /><E113/><V77/><F77/><W86/><G86/><T38/><D115/><U75/><E75/><V40/><F40/><W91/><G91/><T59/><D59/><AGARI ba="0,0" hai="0,1,12,17,22,43,47,48,50,55,59" m="52655" machi="59" ten="30,1500,0" yaku="25,1" doraHai="25" who="3" fromWho="0" sc="256,-15,421,0,18,0,305,15" /><INIT seed="7,1,0,2,2,13" ten="241,421,18,320" oya="3" hai0="17,49,34,33,101,22,21,63,12,19,121,64,103" hai1="110,122,59,9,111,56,1,90,98,132,10,4,25" hai2="77,131,41,120,79,115,124,80,82,50,0,6,48" hai3="57,53,27,130,31,29,45,125,102,18,42,93,126"/><W106/><G106/><T76/><D121/><U55/><E122/><V108/><F6/><W100/><G130/><T52/><D76/><U8/><E132/><V104/><F41/><W97/><G102/><T86/><D86/><U16/><E56/><V35/><F79/><W47/><G29/><T11/><D34/><U51/><E10/><V61/><F61/><W20/><G31/><T84/><D84/><U91/><E9/><V15/><F15/><W95/><G95/><T87/><D33/><U32/><E32/><V94/><F50/><W85/><G85/><T109/><D87/><U81/><E81/><V28/><F48/><W127/><REACH who="3" step="1"/><G42/><REACH who="3" ten="241,421,18,310" step="2"/><T69/><D109/><U105/><E105/><V70/><F28/><W68/><G68/><T40/><D40/><U88/><E98/><V62/><F94/><W14/><G14/><T107/><D107/><U96/><E96/><V113/><F82/><W58/><G58/><T99/><D11/><U2/><E1/><V24/><F24/><W135/><G135/><T112/><D112/><U5/><E5/><V75/><F80/><W3/><G3/><T123/><D123/><U89/><E89/><V60/><F77/><W46/><G46/><T83/><D83/><U116/><E110/><V133/><F62/><AGARI ba="1,1" hai="18,20,27,45,47,53,57,62,93,97,100,125,126,127" machi="62" ten="40,7700,0" yaku="1,1,18,1,52,1,53,0" doraHai="13" doraHaiUra="119" who="3" fromWho="2" sc="241,0,421,0,18,-80,310,90" owari="241,-16.0,421,52.0,-62,-56.0,400,20.0" /></mjloggm>