<mjloggm ver="2.3"><GO type="169" lobby="0"/><UN n0="%E4%B9%9D%E4%B8%88%E3%83%A4%E3%82%B9" n1="%41%54%4D%31%34%32%39" n2="%74%72%69%65%74%74%61" n3="%42%49%47%42%4F%53%53" dan="16,16,16,16" rate="2157.92,2143.55,2108.60,2139.99" sx="M,M,M,M"/><TAIKYOKU oya="0"/><INIT seed="0,0,0,4,0,98" ten="250,250,250,250" oya="0" hai0="56,122,33,130,97,2,3,45,53,62,121,77,38" hai1="15,0,51,126,20,39,30,12,5,99,91,22,4" hai2="100,19,78,81,104,17,55,101,18,68,110,120,72" hai3="43,24,23,109,11,113,26,10,106,6,74,115,111"/><T57/><D33/><U105/><E39/><V32/><F120/><W37/><G74/><T118/><D118/><U107/><E126/><V92/><F104/><W133/><G106/><T66/><D77/><U88/><E99/><V31/><F68/><W129/><G43/><T14/><D130/><U76/><E76/><V79/><F110/><N who="3" m="41995" /><G37/><T124/><D124/><U7/><E30/><V25/><F79/><W67/><G67/><T96/><D2/><U59/><E7/><V50/><REACH who="2" step="1"/><F92/><REACH who="2" ten="250,250,240,250" step="2"/><W52/><G129/><T69/><D69/><U21/><E107/><V134/><F134/><W80/><G133/><T34/><D122/><U28/><E105/><V117/><F117/><W42/><G115/><T84/><D121/><U114/><E114/><V82/><F82/><W102/><G80/><T35/><D35/><U83/><E83/><V13/><F13/><N who="1" m="5193" /><E0/><V119/><F119/><W8/><G113/><T16/><D3/><U60/><E28/><V90/><F90/><W61/><G6/><T131/><D34/><U65/><E5/><V1/><F1/><W85/><G26/><T54/><D131/><U108/><E4/><V63/><F63/><W127/><G61/><T95/><D62/><U103/><E108/><V132/><F132/><W41/><G127/><T64/><D14/><U125/><E125/><V87/><F87/><W116/><G116/><T86/><D84/><U93/><E60/><V44/><AGARI ba="0,1" hai="17,18,19,25,31,32,44,50,55,72,78,81,100,101" machi="44" ten="30,8000,1" yaku="1,1,0,1,52,2,53,1" doraHai="98" doraHaiUra="75" who="2" fromWho="2" sc="250,-40,250,-20,240,90,250,-20" /><BYE who="2" /><UN n2="%74%72%69%65%74%74%61" /><INIT seed="1,0,0,3,5,127" ten="210,230,330,230" oya="1" hai0="76,18,64,57,4,84,17,30,94,112,55,33,51" hai1="123,38,106,105,75,135,99,95,117,31,73,27,21" hai2="1,109,110,122,58,24,8,53,63,74,119,34,83" hai3="36,96,15,131,91,45,54,35,86,124,100,78,59"/><U108/><E38/><V5/><F122/><W9/><G35/><T29/><D112/><U116/><E123/><V40/><F119/><W3/><G78/><T71/><D4/><U11/><E135/><V114/><F114/><W113/><G3/><T92/><D71/><U19/><E108/><V26/><F40/><W89/><G113/><T80/><D64/><U61/><E116/><V132/><F132/><W6/><G124/><T28/><D33/><U70/><E106/><V82/><F24/><W85/><G45/><T87/><D87/><U0/><E105/><V46/><F46/><W10/><G36/><T126/><D126/><U7/><E117/><V20/><F34/><W22/><G10/><T69/><D69/><U56/><E31/><N who="2" m="17863" /><F74/><W111/><G111/><AGARI ba="0,0" hai="1,5,8,53,58,63,82,83,109,110,111" m="17863" machi="111" ten="30,1000,0" yaku="14,1" doraHai="127" who="2" fromWho="3" sc="210,0,230,0,330,10,230,-10" /><INIT seed="2,0,0,3,4,53" ten="210,230,340,220" oya="2" hai0="105,122,114,124,76,81,127,8,40,84,63,98,45" hai1="28,11,71,102,123,21,67,126,120,134,107,101,20" hai2="110,19,16,55,85,62,128,96,64,42,24,34,15" hai3="41,119,37,106,118,32,35,4,25,115,52,117,94"/><V50/><F128/><W130/><G106/><T82/><D122/><U29/><E107/><V27/><F110/><W10/><G130/><T65/><D114/><U129/><E129/><V43/><F96/><W93/><G115/><T51/><D8/><U47/><E126/><V44/><F85/><W33/><G25/><N who="2" m="9801" /><F34/><W112/><G112/><T78/><D98/><U14/><E47/><V89/><F89/><W31/><G31/><N who="1" m="11850" /><E134/><V79/><F79/><W58/><G41/><N who="2" m="15369" /><F15/><W73/><G73/><T108/><D105/><U38/><E38/><V69/><F69/><W87/><G87/><T131/><D108/><U3/><E3/><V18/><F62/><W80/><G80/><T61/><D131/><U90/><E90/><V39/><F39/><W132/><G37/><T113/><D113/><U86/><E86/><V6/><F64/><W2/><REACH who="3" step="1"/><G132/><REACH who="3" ten="210,230,340,210" step="2"/><T103/><D127/><U56/><E123/><V70/><F70/><W91/><G91/><T57/><D124/><U30/><E71/><V7/><AGARI ba="0,1" hai="6,7,16,18,19,44,50,55" m="15369,9801" machi="7" ten="40,3900,0" yaku="8,1,54,1" doraHai="53" who="2" fromWho="2" sc="210,-13,230,-13,340,49,210,-13" /><INIT seed="2,1,0,0,0,118" ten="197,217,389,197" oya="2" hai0="127,89,24,122,99,25,125,34,15,76,4,53,13" hai1="30,67,90,117,93,95,49,66,39,22,132,104,10" hai2="113,78,20,33,96,72,44,92,32,135,17,105,131" hai3="68,28,110,23,59,109,7,103,79,52,3,128,64"/><V111/><F135/><W82/><G128/><T31/><D76/><U70/><E132/><V46/><F113/><W61/><G103/><T56/><D89/><U91/><E104/><V63/><F131/><W65/><G7/><T11/><D99/><U35/><E39/><V114/><F105/><W54/><G3/><T21/><D53/><U14/><E70/><V106/><F114/><W29/><G54/><T12/><D56/><U116/><E35/><V115/><F106/><W5/><G5/><T2/><REACH who="0" step="1"/><D122/><REACH who="0" ten="187,217,389,197" step="2"/><U83/><E83/><V60/><F78/><W19/><G82/><T124/><D124/><U84/><E49/><V18/><F96/><W42/><G79/><T100/><D100/><U94/><E94/><V112/><F92/><W6/><G59/><T85/><D85/><U120/><E120/><V130/><F72/><W121/><G52/><T55/><D55/><U1/><E91/><V107/><F107/><W73/><G73/><T16/><AGARI ba="1,1" hai="2,4,11,12,13,15,16,21,24,25,31,34,125,127" machi="16" ten="30,12000,2" yaku="1,1,0,1,34,3,54,1,53,0" doraHai="118" doraHaiUra="108" who="0" fromWho="0" sc="187,133,217,-31,389,-61,197,-31" /><INIT seed="3,0,0,0,4,48" ten="320,186,328,166" oya="3" hai0="76,68,3,69,111,35,108,38,15,109,45,92,105" hai1="98,107,90,50,9,46,11,60,58,95,91,62,13" hai2="26,75,51,129,115,130,55,118,74,61,52,53,7" hai3="29,87,23,2,104,10,93,120,110,114,19,99,42"/><W66/><G114/><T71/><D105/><U18/><E107/><V135/><F115/><W64/><G120/><T20/><D35/><U1/><E1/><V59/><F118/><W112/><G112/><T47/><D76/><U22/><E90/><V44/><F135/><W12/><G110/><T80/><D80/><U81/><E81/><V49/><F7/><W102/><G42/><T123/><D3/><U106/><E106/><V21/><F74/><W84/><G2/><T119/><D119/><U126/><E126/><V70/><F75/><W89/><G29/><T83/><D83/><U16/><E58/><V86/><F86/><W73/><G73/><T67/><D92/><U132/><E132/><V8/><F8/><W30/><REACH who="3" step="1"/><G87/><REACH who="3" ten="320,186,328,156" step="2"/><T0/><D0/><U124/><E124/><V56/><REACH who="2" step="1"/><F70/><REACH who="2" ten="320,186,318,156" step="2"/><W28/><G28/><AGARI ba="0,2" hai="21,26,28,44,49,51,52,53,55,56,59,61,129,130" machi="28" ten="40,16000,3" yaku="1,1,2,1,52,3,54,1,53,2" doraHai="48" doraHaiUra="125" who="2" fromWho="3" sc="320,0,186,0,318,180,156,-160" owari="320,12.0,186,-21.0,498,59.0,-4,-50.0" /></mjloggm>