<mjloggm ver="2.3"><GO type="225" lobby="0"/><UN n0="%E5%A4%A7%E5%AE%AE%E5%BF%8D%76" n1="%E4%B8%89%E6%9D%A1%E7%9C%9F%E7%90%B4" n2="%E7%A5%9E%E9%B3%B3" n3="%E7%AC%B9%E9%A4%85" dan="17,18,16,16" rate="2128.37,2276.73,2139.22,2123.52" sx="M,F,M,M"/><TAIKYOKU oya="0"/><INIT seed="0,0,0,3,1,53" ten="250,250,250,250" oya="0" hai0="72,114,52,60,11,35,31,32,58,68,126,40,79" hai1="111,45,121,119,131,130,132,102,42,50,26,133,55" hai2="115,63,14,74,83,7,17,36,71,4,104,39,20" hai3="85,64,15,37,75,27,9,12,77,81,108,89,5"/><T107/><D114/><U134/><E134/><V30/><F115/><W96/><G108/><T135/><D107/><U129/><E129/><V3/><F104/><W122/><G122/><T82/><D135/><U16/><E16/><V51/><F30/><W6/><G37/><T1/><D68/><U54/><E119/><V41/><F51/><W61/><G27/><T44/><D31/><U65/><E121/><V18/><F18/><W62/><G96/><T21/><D21/><U69/><E102/><V88/><F3/><W80/><REACH who="3" step="1"/><G64/><REACH who="3" ten="250,250,250,240" step="2"/><T59/><D126/><U33/><E26/><V100/><F39/><W66/><G66/><T28/><D28/><U78/><E132/><V128/><F36/><W47/><G47/><T86/><D35/><U101/><E133/><V84/><F128/><W92/><G92/><T10/><D32/><U99/><E131/><V0/><F83/><W110/><G110/><T127/><D127/><U105/><E130/><V90/><F0/><W125/><G125/><T19/><D1/><U43/><E65/><V34/><F34/><W120/><G120/><T112/><D112/><U49/><E45/><V91/><F14/><W56/><G56/><T8/><D59/><U29/><E33/><V46/><F46/><W93/><G93/><T87/><REACH who="0" step="1"/><D19/><REACH who="0" ten="240,250,250,240" step="2"/><U113/><E105/><V97/><F17/><W70/><G70/><T106/><D106/><U24/><E69/><V123/><F71/><W25/><G25/><T118/><D118/><U73/><E24/><V103/><F123/><W94/><G94/><T23/><D23/><U109/><E113/><RYUUKYOKU ba="0,2" sc="240,15,250,-15,250,-15,240,15" hai0="8,10,11,40,44,52,58,60,72,79,82,86,87" hai3="5,6,9,12,15,61,62,75,77,80,81,85,89" /><INIT seed="0,1,2,1,0,135" ten="255,235,235,255" oya="0" hai0="9,11,77,23,117,13,99,90,116,5,98,34,70" hai1="68,96,120,107,25,133,114,126,38,60,81,30,3" hai2="15,109,134,45,49,22,26,127,103,4,75,39,16" hai3="50,79,51,124,80,32,42,119,14,76,52,73,104"/><T61/><D34/><U115/><E133/><V102/><F75/><W132/><G119/><T95/><D77/><U122/><E3/><V88/><F134/><W24/><G132/><T54/><D99/><U74/><E38/><V111/><F39/><W131/><G104/><T28/><D11/><U113/><E126/><V56/><F56/><W33/><G131/><T47/><D70/><U1/><E1/><V66/><F66/><W18/><G124/><T37/><D37/><U105/><E81/><V58/><F58/><W31/><G79/><T64/><D64/><N who="1" m="40967" /><E74/><V44/><F127/><W112/><G112/><N who="1" m="28674" /><U92/><DORA hai="2" /><E92/><V7/><F88/><W91/><G33/><T97/><D97/><U130/><E130/><V12/><F26/><W8/><G42/><T27/><REACH who="0" step="1"/><D61/><REACH who="0" ten="245,235,235,255" step="2"/><U125/><E125/><V57/><F111/><W101/><G32/><T41/><D41/><U118/><E118/><V17/><F109/><W82/><G76/><T20/><D20/><N who="1" m="15655" /><E96/><V100/><F57/><W35/><G35/><T29/><D29/><U53/><E53/><N who="2" m="29863" /><F45/><W72/><G72/><T86/><D86/><U55/><E55/><V89/><F89/><W40/><G73/><T10/><D10/><AGARI ba="1,3" hai="4,7,10,12,15,16,17,22,100,102,103" m="29863" machi="10" ten="30,7700,0" yaku="8,1,52,2,54,1" doraHai="135,2" who="2" fromWho="0" sc="245,-80,235,0,235,110,255,0" /><INIT seed="1,0,0,4,0,37" ten="165,235,345,255" oya="1" hai0="122,25,74,88,91,72,57,71,119,8,82,83,131" hai1="43,133,100,6,132,109,94,80,34,2,112,135,134" hai2="17,107,105,52,126,59,31,35,124,99,106,86,44" hai3="84,95,20,104,51,45,130,97,61,19,50,29,75"/><U128/><E112/><V63/><F86/><W42/><G75/><T73/><D71/><U121/><E121/><V129/><F129/><W24/><G130/><T23/><D131/><U47/><E34/><V98/><F17/><W85/><G104/><T79/><D8/><N who="1" m="2135" /><E128/><V60/><F60/><W28/><G61/><T110/><D57/><U5/><N who="1" m="33792" /><DORA hai="21" /><U81/><E5/><V7/><F7/><W118/><G118/><T32/><D32/><U68/><E68/><V0/><F0/><W54/><G29/><T53/><D53/><U78/><E109/><V127/><F44/><W62/><G62/><T111/><D119/><U26/><E26/><AGARI ba="0,0" hai="26,31,35,52,59,63,98,99,105,106,107,124,126,127" machi="26" ten="50,6400,0" yaku="18,1,52,1,54,1" doraHai="37,21" who="2" fromWho="1" sc="165,0,235,-64,345,64,255,0" /><INIT seed="2,0,0,4,5,133" ten="165,171,409,255" oya="2" hai0="123,112,31,25,103,105,6,55,65,95,63,91,85" hai1="1,38,116,9,108,135,104,14,17,20,129,128,83" hai2="22,124,0,36,73,24,101,30,109,61,97,94,131" hai3="118,45,28,15,68,120,75,134,53,2,32,122,125"/><V113/><F36/><W80/><G2/><T96/><D112/><U81/><E116/><V23/><F73/><W100/><G118/><T106/><D123/><U7/><E135/><V62/><F0/><W42/><G134/><T111/><D111/><U84/><E108/><V60/><F131/><N who="1" m="50249" /><E104/><V64/><F22/><W59/><G68/><T70/><D6/><U121/><E38/><V11/><F11/><W69/><G69/><T21/><REACH who="0" step="1"/><D55/><REACH who="0" ten="155,171,409,255" step="2"/><U92/><E121/><V35/><F113/><W12/><G53/><T54/><D54/><U87/><E92/><AGARI ba="0,1" hai="21,25,31,63,65,70,85,91,92,95,96,103,105,106" machi="92" ten="30,2000,0" yaku="1,1,7,1,53,0" doraHai="133" doraHaiUra="76" who="0" fromWho="1" sc="155,30,171,-20,409,0,255,0" /><INIT seed="3,0,0,5,0,130" ten="185,151,409,255" oya="3" hai0="105,73,3,0,103,84,102,13,27,80,7,120,118" hai1="76,4,121,40,29,117,39,5,75,21,115,11,25" hai2="74,126,67,119,113,31,69,66,49,9,65,107,90" hai3="79,111,122,23,106,87,63,33,125,86,108,42,46"/><W47/><G33/><T53/><D118/><U51/><E115/><V62/><F126/><W43/><G125/><T35/><D120/><U83/><E121/><V64/><F74/><W128/><G122/><T50/><D73/><U34/><E117/><V1/><F107/><W12/><G106/><T124/><D124/><U18/><E51/><V96/><F31/><W134/><G128/><T59/><D105/><U45/><REACH who="1" step="1"/><E11/><REACH who="1" ten="185,141,409,255" step="2"/><V30/><F9/><W36/><G111/><T52/><D0/><U16/><E16/><V100/><F49/><W77/><G108/><T112/><D3/><U133/><E133/><V56/><F64/><W32/><G134/><T57/><D112/><U95/><E95/><V22/><F1/><W37/><G63/><N who="0" m="36263" /><D27/><AGARI ba="0,1" hai="4,5,18,21,25,27,29,34,39,40,45,75,76,83" machi="27" ten="30,7700,0" yaku="1,1,7,1,53,2" doraHai="130" doraHaiUra="20" who="1" fromWho="0" sc="185,-77,141,87,409,0,255,0" owari="108,-39.0,228,-17.0,409,50.0,255,6.0" /></mjloggm>