<mjloggm ver="2.3"><GO type="169" lobby="0"/><UN n0="%E7%AD%89%E3%80%85%E5%8A%9B%E5%8A%87%E5%A0%B4" n1="%E3%81%B5%E3%81%BF%4B%55%4E" n2="%4A%6F%75%72%6E%65%79" n3="%6B%69%79%6F%64%61%69" dan="16,16,17,18" rate="2035.54,2087.02,2195.96,2256.91" sx="M,M,M,M"/><TAIKYOKU oya="0"/><INIT seed="0,0,0,1,3,73" ten="250,250,250,250" oya="0" hai0="68,93,61,133,64,108,27,57,104,40,44,76,87" hai1="99,19,131,132,85,97,2,43,71,77,112,55,25" hai2="52,49,95,127,63,11,102,42,72,78,130,135,100" hai3="113,105,74,17,90,98,79,84,115,134,38,0,46"/><T92/><D104/><U31/><E131/><V26/><F130/><W7/><G17/><T47/><D133/><U18/><E132/><V124/><F135/><W65/><G65/><T111/><D68/><U39/><E2/><V110/><F110/><N who="0" m="42026" /><D27/><U3/><E3/><V120/><F120/><W56/><G56/><T16/><D47/><U83/><E112/><V41/><F63/><W118/><G134/><T107/><D107/><U119/><E119/><V23/><F11/><W51/><G46/><T82/><D16/><U12/><E19/><V81/><F42/><W126/><G105/><T89/><D89/><U14/><E43/><V123/><F41/><W125/><G90/><T8/><D8/><U69/><E71/><V94/><F123/><W15/><G118/><T129/><D129/><U50/><E69/><V88/><F102/><W66/><G115/><T24/><D24/><U1/><E31/><V6/><F100/><W28/><G28/><T13/><D13/><U30/><E1/><V114/><F114/><W109/><G15/><N who="1" m="5674" /><E18/><N who="2" m="12663" /><F6/><W4/><G7/><T21/><D21/><N who="1" m="15663" /><E39/><AGARI ba="0,0" hai="39,40,44,57,61,64,76,82,87,92,93" m="42026" machi="39" ten="30,5800,0" yaku="14,1,10,1,52,1" doraHai="73" who="0" fromWho="1" sc="250,58,250,-58,250,0,250,0" /><INIT seed="0,1,0,2,5,122" ten="308,192,250,250" oya="0" hai0="79,28,22,3,102,7,32,9,128,25,125,129,60" hai1="105,65,10,127,50,78,49,59,15,119,97,63,17" hai2="121,56,68,39,75,36,54,130,20,2,33,133,61" hai3="48,1,26,73,31,34,132,80,115,82,44,76,16"/><T18/><D79/><U11/><E119/><V4/><F121/><W30/><G132/><T35/><D102/><U96/><E127/><V100/><F33/><N who="0" m="12874" /><D60/><U46/><E78/><V110/><F133/><W92/><G1/><T120/><D120/><U90/><E105/><V91/><F75/><W37/><G37/><T84/><D84/><U42/><E10/><V70/><F130/><N who="0" m="50282" /><D125/><U95/><REACH who="1" step="1"/><E49/><REACH who="1" ten="308,182,250,250" step="2"/><V13/><F39/><W45/><G48/><T47/><D47/><U51/><E51/><V112/><F36/><W114/><G45/><T24/><D28/><U67/><E67/><V12/><F61/><W86/><G31/><T81/><D81/><U58/><E58/><V19/><F56/><W72/><G44/><T101/><D101/><U57/><E57/><V98/><F100/><W43/><G80/><T53/><D53/><U89/><E89/><V41/><F91/><W14/><G92/><T113/><D113/><U103/><E103/><V126/><F54/><W5/><G114/><T135/><D135/><U55/><E55/><V107/><F112/><W88/><G115/><T0/><D3/><U8/><E8/><V118/><F2/><W99/><G76/><T109/><D0/><U134/><E134/><V27/><F126/><W71/><G88/><T83/><D83/><U87/><AGARI ba="1,1" hai="11,15,17,42,46,50,59,63,65,87,90,95,96,97" machi="87" ten="20,5200,0" yaku="1,1,0,1,7,1,8,1,53,0" doraHai="122" doraHaiUra="108" who="1" fromWho="1" sc="308,-27,182,65,250,-14,250,-14" /><INIT seed="1,0,0,3,3,50" ten="281,247,236,236" oya="1" hai0="13,8,52,69,48,67,89,44,17,123,120,23,76" hai1="81,114,32,112,134,86,135,133,119,62,105,68,96" hai2="94,85,78,80,92,14,46,84,106,16,29,42,70" hai3="5,10,102,51,116,28,39,43,11,100,122,98,20"/><U47/><E32/><V88/><F106/><W131/><G39/><T6/><D76/><U104/><E119/><V24/><F70/><W110/><G122/><T127/><D127/><U26/><E26/><V83/><F29/><W37/><G37/><T61/><REACH who="0" step="1"/><D89/><REACH who="0" ten="271,247,236,236" step="2"/><U59/><E112/><V7/><F7/><W34/><G5/><T55/><D55/><U57/><E114/><V128/><F128/><W58/><G131/><T35/><D35/><U91/><E96/><V49/><REACH who="2" step="1"/><F24/><AGARI ba="0,1" hai="6,8,13,17,23,24,44,48,52,61,67,69,120,123" machi="24" ten="40,8000,1" yaku="1,1,52,1,54,1,53,1" doraHai="50" doraHaiUra="2" who="0" fromWho="2" sc="271,90,247,0,236,-80,236,0" /><INIT seed="2,0,0,4,1,10" ten="361,247,156,236" oya="2" hai0="82,95,37,7,26,85,5,54,130,63,52,56,112" hai1="11,14,48,4,15,44,38,100,41,80,57,86,103" hai2="134,131,124,98,126,45,28,105,17,67,135,79,12" hai3="40,13,62,19,68,53,123,6,87,97,21,132,33"/><V77/><F28/><W114/><G33/><T49/><D37/><U108/><E108/><V20/><F67/><W119/><G119/><T92/><D112/><U55/><REACH who="1" step="1"/><E15/><REACH who="1" ten="361,237,156,236" step="2"/><V111/><F111/><W9/><G114/><T88/><D130/><U25/><E25/><V36/><F131/><W58/><G123/><T42/><D26/><U65/><E65/><V107/><F79/><AGARI ba="0,1" hai="4,11,14,38,41,44,48,55,57,79,80,86,100,103" machi="79" ten="30,7700,0" yaku="1,1,7,1,52,1,53,1" doraHai="10" doraHaiUra="69" who="1" fromWho="2" sc="361,0,237,87,156,-77,236,0" /><INIT seed="3,0,0,2,0,0" ten="361,324,79,236" oya="3" hai0="14,8,68,65,18,77,72,107,79,30,43,97,66" hai1="121,127,114,82,75,7,48,88,104,42,33,115,56" hai2="90,85,93,112,69,110,28,34,16,15,40,17,86" hai3="117,12,70,3,87,101,128,91,37,76,71,89,134"/><W10/><G37/><T6/><D30/><U36/><E33/><V55/><F112/><W111/><G3/><T13/><D43/><U81/><E104/><V57/><F110/><W135/><G117/><T92/><D107/><U61/><E121/><V106/><F106/><W83/><G101/><T60/><D66/><U98/><E127/><V95/><F69/><W64/><G111/><T54/><D72/><U27/><E27/><V80/><F40/><W94/><G91/><T19/><D54/><U49/><E36/><V51/><F34/><W118/><G128/><T41/><D41/><U22/><E22/><V125/><F125/><W130/><G130/><T109/><D109/><U59/><E42/><V108/><F28/><W44/><G44/><T29/><D29/><U124/><E124/><V123/><F123/><W126/><G118/><T35/><D35/><U99/><E61/><V21/><F108/><W46/><G46/><T32/><D32/><U52/><E75/><V26/><REACH who="2" step="1"/><F86/><REACH who="2" ten="361,324,69,236" step="2"/><W116/><G126/><T78/><D68/><U5/><REACH who="1" step="1"/><E52/><REACH who="1" ten="361,314,69,236" step="2"/><V100/><F100/><W4/><G116/><T131/><D131/><U50/><E50/><V74/><F74/><W120/><G120/><T96/><D60/><U39/><E39/><V67/><F67/><W103/><G103/><T84/><D65/><U102/><E102/><V25/><F25/><W132/><REACH who="3" step="1"/><G64/><REACH who="3" ten="361,314,69,226" step="2"/><T63/><D63/><U73/><E73/><AGARI ba="0,3" hai="4,10,12,70,71,73,76,83,87,89,94,132,134,135" machi="73" ten="40,12000,1" yaku="1,1,2,1,20,1,52,1,53,1" doraHai="0" doraHaiUra="1" who="3" fromWho="1" sc="361,0,314,-120,69,0,226,150" /><INIT seed="3,1,0,3,2,33" ten="361,194,69,376" oya="3" hai0="115,36,60,29,48,28,113,98,38,12,34,49,46" hai1="88,45,95,75,70,22,55,74,86,25,30,0,111" hai2="99,118,6,54,69,59,87,43,125,76,122,116,61" hai3="4,72,73,8,94,108,10,107,66,21,79,31,131"/><W3/><G107/><T53/><D60/><U52/><E70/><V42/><F125/><W130/><G66/><T93/><D12/><U103/><E111/><V68/><F99/><W129/><G108/><T24/><D29/><U67/><E67/><V84/><F6/><N who="3" m="1119" /><G79/><T58/><D38/><U133/><E133/><V77/><F61/><W50/><G94/><T41/><REACH who="0" step="1"/><D36/><REACH who="0" ten="351,194,69,376" step="2"/><U7/><E103/><AGARI ba="1,1" hai="24,28,34,41,46,48,49,53,58,93,98,103,113,115" machi="103" ten="40,5200,0" yaku="1,1,2,1,53,1" doraHai="33" doraHaiUra="37" who="0" fromWho="1" sc="351,65,194,-55,69,0,376,0" /><INIT seed="4,0,0,4,4,35" ten="416,139,69,376" oya="0" hai0="49,118,6,82,74,71,95,113,63,108,122,133,23" hai1="97,91,61,64,96,22,69,39,48,94,109,44,41" hai2="8,4,102,101,58,128,51,86,18,114,134,38,52" hai3="27,50,73,89,124,68,1,5,57,11,77,32,90"/><T28/><D118/><U99/><E109/><V129/><F114/><W53/><G68/><T21/><D122/><U93/><E22/><V0/><F134/><W26/><G124/><T65/><D113/><U106/><E106/><V9/><F38/><W55/><G73/><T12/><D133/><U33/><E33/><V72/><F72/><W115/><G77/><T119/><D119/><U111/><E111/><V16/><F86/><W110/><G110/><T107/><D107/><U120/><E120/><V130/><F9/><W135/><G135/><T112/><D112/><U76/><E76/><V37/><F37/><W56/><G115/><T104/><D104/><U132/><E132/><V79/><F79/><W45/><G45/><T105/><D105/><U121/><E121/><V24/><F24/><W67/><G67/><T13/><D108/><U125/><E125/><V78/><F78/><W84/><G90/><T17/><D74/><U62/><E62/><V31/><F31/><W46/><G46/><T126/><D126/><U123/><E123/><V88/><F88/><W40/><G40/><T75/><D75/><U54/><REACH who="1" step="1"/><E91/><REACH who="1" ten="416,129,69,376" step="2"/><V80/><F80/><W34/><G34/><T127/><D127/><U103/><E103/><AGARI ba="0,1" hai="0,4,8,16,18,51,52,58,101,102,103,128,129,130" machi="103" ten="40,8000,1" yaku="19,1,52,1,54,2" doraHai="35" who="2" fromWho="1" sc="416,0,129,-80,69,90,376,0" /><INIT seed="5,0,0,5,5,20" ten="416,49,159,376" oya="1" hai0="134,94,87,59,79,81,41,45,89,44,27,16,36" hai1="37,19,22,93,133,23,57,28,8,124,96,119,69" hai2="58,9,116,130,49,99,11,24,53,106,29,62,113" hai3="112,82,18,40,33,5,114,91,135,128,12,74,117"/><U61/><E119/><V67/><F130/><W0/><G40/><T52/><D134/><U129/><E37/><V6/><F116/><W10/><G117/><T71/><D71/><U92/><E129/><V2/><F113/><N who="3" m="43627" /><G128/><T121/><D121/><U70/><E133/><V132/><F132/><W54/><G54/><T110/><D110/><U125/><E8/><V4/><F99/><W43/><G43/><T21/><D41/><U78/><E78/><V39/><F106/><W85/><G135/><T123/><D123/><U63/><E28/><V73/><F73/><W72/><G33/><T100/><D100/><U95/><E96/><V35/><F39/><W84/><G84/><N who="0" m="52519" /><D36/><U76/><E76/><V90/><F90/><W64/><G64/><T30/><D30/><U38/><E38/><V3/><REACH who="2" step="1"/><F67/><REACH who="2" ten="416,49,149,376" step="2"/><W55/><G74/><T25/><D79/><U48/><E124/><V115/><F115/><W86/><G91/><T13/><D87/><U32/><E125/><V77/><F77/><W42/><G86/><T56/><D81/><U83/><E83/><V34/><F34/><W15/><G85/><T120/><D120/><U80/><E80/><V101/><F101/><W65/><G65/><T105/><D105/><U127/><E32/><V102/><F102/><W104/><G104/><T88/><D88/><U97/><E127/><V131/><F131/><W51/><G72/><T103/><D103/><U109/><E97/><V98/><F98/><W31/><G82/><T46/><D59/><U14/><E57/><V75/><F75/><W111/><G111/><T107/><D107/><RYUUKYOKU ba="0,1" sc="416,15,49,-15,149,15,376,-15" hai0="13,16,21,25,27,44,45,46,52,56" hai2="2,3,4,6,9,11,24,29,35,49,53,58,62" /><INIT seed="6,1,1,4,0,22" ten="431,34,164,361" oya="2" hai0="76,104,114,110,8,94,15,124,26,12,32,47,122" hai1="3,130,49,62,45,93,4,81,20,78,103,115,75" hai2="131,87,57,2,63,109,56,74,123,34,116,108,44" hai3="118,7,23,30,14,77,60,91,53,89,96,129,43"/><V107/><F116/><W67/><G118/><T25/><D104/><U117/><E117/><V10/><F123/><W42/><G129/><T31/><D110/><N who="2" m="42602" /><F74/><W125/><G125/><T13/><D122/><U121/><E130/><V55/><F107/><W90/><G77/><T83/><D114/><U84/><E121/><V69/><F131/><W127/><G127/><T86/><D124/><U111/><E111/><V97/><F34/><W102/><G53/><T98/><D47/><U68/><E115/><V51/><F97/><W88/><G91/><T71/><D71/><U119/><E119/><V38/><F38/><W112/><G112/><T11/><REACH who="0" step="1"/><D26/><REACH who="0" ten="421,34,164,361" step="2"/><U120/><E120/><V132/><F69/><W61/><G43/><T0/><D0/><U134/><E68/><V58/><F44/><W9/><G42/><T37/><D37/><U19/><E45/><V133/><F2/><W113/><G113/><T65/><D65/><U66/><E3/><V54/><F58/><W59/><G61/><T24/><D24/><U128/><E62/><V101/><F57/><W16/><G30/><T126/><D126/><U73/><E66/><V41/><F41/><W100/><REACH who="3" step="1"/><G96/><REACH who="3" ten="421,34,164,351" step="2"/><T17/><D17/><U95/><E19/><V82/><F63/><W64/><G64/><T135/><D135/><U105/><E134/><V39/><F133/><W72/><G72/><T27/><D27/><AGARI ba="1,3" hai="7,9,14,16,23,27,59,60,67,88,89,90,100,102" machi="27" ten="40,16000,3" yaku="1,1,8,1,52,1,54,2,53,3" doraHai="22" doraHaiUra="85" who="3" fromWho="0" sc="421,-163,34,0,164,0,351,193" /><INIT seed="7,0,0,4,0,62" ten="258,34,164,544" oya="3" hai0="19,2,113,132,99,57,1,49,118,38,60,29,67" hai1="91,82,100,131,23,17,9,4,124,89,11,112,71" hai2="0,41,5,43,122,85,54,109,63,44,22,27,77" hai3="40,76,39,116,66,55,68,120,127,111,78,107,81"/><W126/><G107/><T119/><D38/><U35/><E112/><V97/><F109/><W129/><G116/><T12/><D29/><U56/><E71/><V84/><F122/><W47/><G120/><T48/><D132/><U70/><E70/><V26/><F0/><W69/><G111/><T53/><D113/><U105/><E35/><V135/><F5/><W130/><G78/><T115/><D115/><U36/><E36/><V101/><F27/><W6/><G6/><T25/><D25/><U96/><E131/><N who="3" m="50186" /><G69/><T110/><D110/><U106/><E124/><V133/><F54/><W20/><G20/><T73/><D73/><U8/><E4/><V46/><F63/><N who="3" m="40031" /><G55/><T28/><D53/><U61/><E105/><V13/><F46/><W103/><G103/><T128/><D128/><U88/><E82/><V65/><F84/><AGARI ba="0,0" hai="39,40,47,76,81,84,126,127" m="40031,50186" machi="84" ten="30,2900,0" yaku="19,1,52,1" doraHai="62" who="3" fromWho="2" sc="258,0,34,0,164,-29,544,29" owari="258,6.0,34,-47.0,135,-26.0,573,67.0" /></mjloggm>