<mjloggm ver="2.3"><GO type="169" lobby="0"/><UN n0="%E3%81%84%E3%81%9F%E3%83%92%E3%83%AD" n1="%E5%81%BD%E5%96%84%E8%80%85%E9%AB%98%E6%A9%8B%E3%81%BF%E3%81%AA%E3%81%BF" n2="%E6%96%87%E5%9B%9B%E9%83%8E" n3="%E3%81%BE%E3%83%BC%E3%81%8F%E3%81%96%E3%81%84%E3%82%93" dan="17,16,17,16" rate="2184.14,2129.92,2158.52,2177.11" sx="M,F,M,M"/><TAIKYOKU oya="0"/><INIT seed="0,0,0,0,3,115" ten="250,250,250,250" oya="0" hai0="114,3,108,91,22,82,15,132,87,56,102,101,131" hai1="34,28,69,49,125,19,134,80,123,7,74,30,88" hai2="63,96,72,113,52,81,65,39,104,17,79,117,9" hai3="90,14,23,66,103,16,83,116,62,60,127,106,41"/><T133/><D114/><U33/><E69/><V54/><F113/><W58/><G127/><T31/><D3/><U124/><E123/><V130/><F39/><W98/><G41/><T97/><D131/><U67/><E67/><V118/><F130/><W43/><G43/><T112/><D112/><U100/><E7/><V129/><F129/><W0/><G0/><T4/><D108/><U95/><E134/><V32/><F32/><W57/><G83/><T38/><D38/><U84/><E34/><V111/><F111/><W25/><G90/><T51/><D133/><U26/><E28/><V94/><F104/><W21/><G116/><N who="2" m="44649" /><F17/><W119/><G119/><T78/><D132/><U5/><E5/><V110/><F9/><W50/><G50/><T85/><D97/><U93/><E74/><V40/><F40/><W11/><REACH who="3" step="1"/><G25/><REACH who="3" ten="250,250,250,240" step="2"/><T2/><D2/><U45/><E124/><V77/><F110/><W122/><G122/><T86/><D91/><U99/><E125/><V20/><F79/><W42/><G42/><T10/><D82/><U27/><E27/><V107/><F107/><W36/><G36/><T1/><D78/><U13/><E80/><V29/><F81/><W64/><AGARI ba="0,1" hai="11,14,16,21,23,57,58,60,62,64,66,98,103,106" machi="64" ten="20,8000,1" yaku="1,1,0,1,7,1,9,1,54,1,53,0" doraHai="115" doraHaiUra="70" who="3" fromWho="3" sc="250,-40,250,-20,250,-20,240,90" /><INIT seed="1,0,0,1,4,32" ten="210,230,230,330" oya="1" hai0="81,15,112,75,71,101,108,12,120,38,10,82,36" hai1="57,68,131,45,133,37,93,105,111,4,13,95,44" hai2="49,17,23,31,134,55,29,25,51,54,97,26,21" hai3="1,16,123,118,66,113,94,56,43,106,6,114,126"/><U128/><E105/><V121/><F121/><W50/><G123/><T34/><D34/><U59/><E68/><V3/><F134/><W102/><G106/><T76/><D112/><U84/><E133/><V122/><F122/><W18/><G126/><T27/><D71/><U77/><E111/><V0/><F17/><W74/><G74/><T119/><D119/><U42/><E44/><V28/><F28/><W64/><G118/><T41/><D101/><U107/><E107/><V8/><F8/><W39/><G39/><T103/><D103/><U33/><E33/><V22/><F23/><W85/><G66/><T65/><D65/><U91/><E77/><V130/><F97/><W30/><G30/><T78/><D108/><U52/><E95/><V20/><F22/><W110/><G110/><T7/><D41/><U90/><E90/><V124/><F130/><N who="1" m="49705" /><E52/><V60/><F60/><N who="3" m="37895" /><G43/><T92/><D92/><U63/><E63/><V24/><REACH who="2" step="1"/><F26/><REACH who="2" ten="210,230,220,330" step="2"/><W116/><G116/><T79/><D27/><U9/><AGARI ba="0,1" hai="4,9,13,37,42,45,57,59,84,91,93" m="49705" machi="9" ten="30,1500,0" yaku="19,1" doraHai="32" who="1" fromWho="1" sc="210,-5,230,25,220,-5,330,-5" /><INIT seed="1,1,0,4,2,45" ten="205,255,215,325" oya="1" hai0="98,2,104,60,106,89,75,134,77,92,17,65,100" hai1="52,50,127,27,56,120,69,40,123,119,3,55,97" hai2="9,109,83,61,130,4,82,49,88,48,112,128,94" hai3="124,99,11,63,66,59,62,122,34,64,42,37,102"/><U43/><E3/><V57/><F109/><W118/><G34/><T67/><D134/><U126/><E27/><V46/><F112/><W101/><G122/><N who="1" m="46634" /><E69/><V33/><F33/><W95/><G124/><N who="1" m="47658" /><E97/><V87/><F46/><W81/><G118/><T16/><D2/><U47/><E119/><V26/><F26/><W44/><G81/><N who="2" m="30729" /><F9/><W132/><G11/><T20/><D67/><U90/><E90/><V72/><F4/><W85/><G132/><T110/><D17/><U86/><E86/><V51/><F72/><W117/><G85/><T111/><D75/><U28/><E28/><V133/><F133/><W41/><G117/><T8/><D8/><U7/><E7/><V25/><F25/><W107/><G102/><T80/><D100/><U22/><E22/><V38/><F38/><W36/><G36/><T135/><D135/><U21/><E21/><V79/><F79/><W31/><G31/><T19/><D19/><U129/><E129/><N who="2" m="49771" /><F61/><AGARI ba="1,0" hai="40,43,47,50,52,55,56,61" m="47658,46634" machi="61" ten="30,12000,1" yaku="18,1,34,2,52,1,54,1" doraHai="45" who="1" fromWho="2" sc="205,0,255,123,215,-123,325,0" /><INIT seed="1,2,0,0,0,63" ten="205,378,92,325" oya="1" hai0="89,43,111,9,51,107,112,117,120,32,110,4,104" hai1="23,127,33,35,52,93,74,47,53,1,25,16,118" hai2="71,40,85,116,113,90,57,135,72,50,58,109,84" hai3="8,31,38,7,14,67,86,48,19,26,97,22,0"/><U123/><E123/><V10/><F113/><W61/><G38/><T12/><D112/><U5/><E74/><V21/><F72/><W124/><G124/><T28/><D117/><U56/><E118/><V119/><F71/><W13/><G48/><T76/><D120/><U73/><E73/><V81/><F109/><N who="0" m="41482" /><D76/><U70/><E70/><V114/><F114/><W37/><G37/><T128/><D128/><U62/><E127/><V20/><F135/><W126/><G126/><T79/><D79/><U134/><E134/><V87/><F10/><W75/><G75/><T17/><D28/><U46/><E93/><V122/><F122/><W34/><G86/><N who="2" m="33385" /><F119/><W131/><G131/><T82/><D32/><U42/><E53/><V27/><F116/><W78/><G78/><T11/><D89/><U102/><E102/><V96/><F96/><W132/><G132/><T98/><D98/><U54/><E54/><V105/><F105/><W125/><G125/><T101/><D82/><U103/><E103/><V55/><F40/><W121/><G97/><T94/><D94/><U92/><E92/><V64/><F27/><W77/><G77/><T15/><D101/><U115/><E115/><V29/><F29/><W68/><REACH who="3" step="1"/><G121/><REACH who="3" ten="205,378,92,315" step="2"/><T59/><D43/><U45/><REACH who="1" step="1"/><E42/><REACH who="1" ten="205,368,92,315" step="2"/><V130/><F130/><W108/><G108/><T133/><D133/><U36/><E36/><V6/><F81/><W91/><G91/><T83/><D83/><U24/><E24/><AGARI ba="2,2" hai="0,7,8,13,14,19,22,24,26,31,34,61,67,68" machi="24" ten="30,3900,0" yaku="1,1,7,1,52,1,53,0" doraHai="63" doraHaiUra="129" who="3" fromWho="1" sc="205,0,368,-45,92,0,315,65" /><INIT seed="2,0,0,0,3,99" ten="205,323,92,380" oya="2" hai0="90,22,55,92,91,32,74,34,119,36,111,59,12" hai1="85,88,117,51,79,101,77,95,94,113,63,2,80" hai2="125,131,0,81,89,62,23,86,71,10,134,28,87" hai3="118,64,106,84,50,3,56,37,103,69,121,33,129"/><V70/><F125/><W123/><G37/><T61/><D119/><U83/><E2/><V49/><F131/><W14/><G3/><T42/><D111/><U15/><E117/><V114/><F114/><W126/><G118/><T17/><D74/><U120/><E113/><V48/><F134/><W5/><G33/><T60/><D91/><U96/><E63/><V38/><F38/><W41/><G69/><T1/><D1/><U27/><E27/><V102/><F102/><W100/><G106/><T30/><D30/><U11/><E51/><V93/><F28/><W122/><G84/><T110/><D110/><U72/><E15/><V78/><F23/><W9/><G126/><T104/><D104/><N who="1" m="63527" /><E11/><V40/><F62/><W45/><REACH who="3" step="1"/><G129/><REACH who="3" ten="205,323,92,370" step="2"/><T127/><D127/><U29/><E120/><V116/><F116/><W24/><G24/><T19/><D34/><U132/><E132/><V31/><F31/><W115/><G115/><T13/><D32/><U7/><E29/><V133/><F133/><W35/><G35/><T135/><D135/><U21/><E7/><V25/><F25/><W97/><G97/><N who="0" m="57495" /><D36/><U105/><E21/><V128/><F128/><W44/><G44/><T6/><D6/><U47/><E47/><V98/><F98/><W39/><G39/><T26/><D19/><U75/><E105/><V65/><F71/><W43/><G43/><T52/><D42/><U68/><E68/><V107/><F40/><W124/><G124/><T57/><AGARI ba="0,1" hai="12,13,17,22,26,52,55,57,59,60,61" m="57495" machi="57" ten="30,4000,0" yaku="25,1,8,1,54,1" doraHai="99" who="0" fromWho="0" sc="205,50,323,-10,92,-20,370,-10" /><INIT seed="3,0,0,5,5,97" ten="255,313,72,360" oya="3" hai0="24,23,72,4,105,57,113,43,28,39,110,130,102" hai1="38,116,90,9,14,51,103,54,16,26,95,117,96" hai2="71,79,115,70,111,62,46,50,108,133,99,19,41" hai3="52,78,37,132,58,0,12,89,127,7,129,75,20"/><W131/><G37/><T126/><D72/><U1/><E38/><V73/><F115/><W98/><G132/><T10/><D113/><U8/><E26/><V119/><F119/><N who="1" m="45641" /><E1/><V17/><F133/><W106/><G127/><T55/><D126/><U101/><E8/><V92/><F79/><W49/><G0/><T66/><D130/><N who="3" m="49673" /><G78/><T47/><D66/><U67/><E67/><N who="2" m="41335" /><F73/><W80/><G75/><T25/><D110/><N who="2" m="42026" /><F71/><W6/><G80/><T31/><D10/><U48/><E48/><V65/><F65/><W34/><G34/><T44/><D4/><U104/><E104/><V121/><F121/><W124/><G124/><T61/><D47/><AGARI ba="0,0" hai="9,14,16,47,51,54,90,95,96,101,103" m="45641" machi="47" ten="30,7700,0" yaku="12,1,52,2,54,1" doraHai="97" who="1" fromWho="0" sc="255,-77,313,77,72,0,360,0" /><INIT seed="4,0,0,5,3,75" ten="178,390,72,360" oya="0" hai0="63,89,14,8,29,84,65,73,5,30,108,25,15" hai1="34,112,26,68,60,18,58,19,107,43,76,4,121" hai2="49,23,130,105,106,120,87,51,83,125,13,3,42" hai3="64,123,61,57,115,131,79,86,128,85,91,67,78"/><T98/><D73/><U80/><E68/><V94/><F120/><W48/><G115/><T133/><D108/><U135/><E121/><V9/><F125/><W69/><G123/><T40/><D40/><U62/><E107/><V104/><F130/><N who="3" m="49707" /><G86/><T70/><D133/><U54/><E4/><V16/><F94/><N who="3" m="54639" /><G64/><T36/><D36/><U74/><E112/><V100/><F100/><W72/><G72/><T116/><D116/><U93/><E43/><V66/><F66/><W46/><G57/><T124/><D124/><U97/><E60/><V127/><F127/><W10/><G10/><T119/><D119/><U99/><E135/><V32/><F32/><W0/><G0/><T11/><D25/><U55/><E55/><AGARI ba="0,0" hai="46,48,55,61,67,69,78,79" m="54639,49707" machi="55" ten="30,3900,0" yaku="19,1,52,2" doraHai="75" who="3" fromWho="1" sc="178,0,390,-39,72,0,360,39" /><INIT seed="5,0,0,0,2,18" ten="178,351,72,399" oya="1" hai0="106,112,130,122,53,29,32,83,86,64,135,23,85" hai1="68,58,82,95,104,124,8,9,5,69,61,52,30" hai2="126,129,108,117,10,96,71,57,84,110,25,20,41" hai3="50,123,17,134,34,131,92,66,120,102,125,28,72"/><U63/><E104/><V59/><F117/><W65/><G72/><T101/><D122/><U105/><E105/><V38/><F71/><W39/><G39/><T133/><D32/><U111/><E124/><V6/><F126/><W97/><G125/><T33/><D33/><U114/><E114/><V93/><F129/><W79/><G79/><T91/><D112/><U1/><E111/><V75/><F75/><W60/><G134/><T15/><D130/><U19/><E30/><V45/><F84/><W37/><G37/><T90/><D64/><U31/><E31/><V48/><F108/><W103/><G103/><T21/><D29/><U42/><E42/><V70/><F70/><W2/><G2/><T22/><D15/><U109/><E109/><V44/><F110/><W12/><G66/><T116/><D116/><U127/><E127/><V46/><F46/><W81/><G81/><T89/><D53/><U88/><E82/><V119/><F119/><W7/><G7/><T132/><D83/><U11/><E61/><V4/><F45/><W0/><G0/><T67/><D67/><U94/><E94/><V51/><F51/><W13/><G131/><T98/><AGARI ba="0,0" hai="21,22,23,85,86,89,90,91,98,101,106,132,133,135" machi="98" ten="40,12000,2" yaku="0,1,29,2,20,1,52,3" doraHai="18" who="0" fromWho="0" sc="178,120,351,-60,72,-30,399,-30" /><INIT seed="6,0,0,1,1,89" ten="298,291,42,369" oya="2" hai0="55,5,77,7,45,78,105,62,50,61,58,21,44" hai1="6,18,40,59,34,117,28,133,46,109,91,104,71" hai2="80,81,127,100,39,17,74,47,95,82,103,4,23" hai3="52,96,63,32,97,27,30,51,134,19,118,69,132"/><V84/><F4/><W87/><G118/><T114/><D105/><U16/><E71/><V106/><F74/><W35/><G35/><T93/><D114/><U110/><E104/><V53/><F106/><W131/><G87/><T94/><D21/><U42/><E6/><N who="0" m="2057" /><D62/><U67/><E117/><V121/><F121/><W116/><G131/><T72/><D72/><U86/><E133/><N who="3" m="51306" /><G19/><T54/><D44/><U60/><E40/><V75/><F75/><W12/><G12/><T101/><D101/><U115/><E115/><V11/><F11/><W79/><G79/><AGARI ba="0,0" hai="45,50,54,55,58,61,77,78,79,93,94" m="2057" machi="79" ten="30,3900,0" yaku="8,1,52,2" doraHai="89" who="0" fromWho="3" sc="298,39,291,0,42,0,369,-39" /><INIT seed="7,0,0,3,5,108" ten="337,291,42,330" oya="3" hai0="50,41,60,103,42,40,107,96,129,123,131,39,37" hai1="85,81,68,4,49,46,32,35,31,8,126,25,17" hai2="125,100,14,94,117,115,65,92,34,27,66,72,10" hai3="74,105,51,84,18,36,47,116,19,88,132,24,70"/><W13/><G116/><T53/><D60/><U78/><E126/><V87/><F117/><W55/><G70/><T101/><D103/><U9/><E68/><V135/><F72/><W67/><G105/><T58/><REACH who="0" step="1"/><D123/><REACH who="0" ten="327,291,42,330" step="2"/><U28/><E17/><V12/><F125/><W102/><G102/><T71/><D71/><U29/><E32/><V79/><F135/><W75/><G132/><T114/><D114/><U99/><E99/><V63/><F100/><W76/><G67/><T73/><D73/><U7/><E7/><V128/><F63/><W124/><G124/><T44/><D44/><U122/><E122/><V61/><F61/><W112/><G112/><T130/><AGARI ba="0,1" hai="37,39,40,41,42,50,53,58,96,101,107,129,130,131" machi="130" ten="40,8000,1" yaku="1,1,0,1,19,1,53,1" doraHai="108" doraHaiUra="98" who="0" fromWho="0" sc="327,90,291,-20,42,-20,330,-40" owari="417,52.0,271,-13.0,22,-48.0,290,9.0" /></mjloggm>