<mjloggm ver="2.3"><GO type="169" lobby="0"/><UN n0="%E3%81%8A%E3%81%8A%E3%81%8F%E3%81%95" n1="%61%6B%61%74%75%6B%69%5E" n2="%E3%81%AF%E3%81%84%E3%81%A6%E3%82%93%E3%81%BC%E3%83%BC" n3="%73%61%6E%67%6F%64%64%6F" dan="17,17,16,16" rate="2174.42,2129.60,2138.93,2179.37" sx="M,M,M,M"/><TAIKYOKU oya="0"/><INIT seed="0,0,0,5,2,66" ten="250,250,250,250" oya="0" hai0="19,79,92,106,104,97,40,96,62,86,45,135,133" hai1="46,24,114,75,125,28,3,16,98,42,121,4,36" hai2="2,64,14,11,99,32,111,87,7,29,60,67,39" hai3="55,93,109,20,33,56,52,8,37,31,105,128,22"/><T68/><D19/><U6/><E121/><V107/><F67/><W89/><G109/><T103/><D62/><U119/><E119/><V129/><F87/><W115/><G115/><T76/><D68/><U81/><E125/><V63/><F63/><W27/><G105/><T94/><D86/><U132/><E132/><N who="0" m="50761" /><D45/><U12/><E114/><V21/><F21/><W47/><G128/><T72/><D72/><U49/><E98/><N who="0" m="37993" /><D40/><U100/><E100/><N who="2" m="62879" /><F14/><W50/><G37/><T53/><D53/><U65/><E65/><V9/><F9/><W1/><G93/><N who="0" m="35947" /><D103/><U91/><E75/><V34/><F129/><W73/><G73/><T84/><D84/><U25/><E42/><V130/><F130/><W122/><G122/><T131/><D131/><U15/><E46/><V95/><F95/><W70/><G70/><T120/><D120/><U17/><E17/><V26/><F39/><W54/><G89/><T43/><D43/><U118/><E16/><V126/><F34/><W101/><G101/><T44/><D44/><U58/><E91/><V10/><F10/><W61/><REACH who="3" step="1"/><G54/><REACH who="3" ten="250,250,250,240" step="2"/><T5/><D5/><AGARI ba="0,1" hai="1,5,8,20,22,27,31,33,47,50,52,55,56,61" machi="5" ten="40,5200,0" yaku="1,1,2,1,54,1,53,0" doraHai="66" doraHaiUra="123" who="3" fromWho="0" sc="250,-52,250,0,250,0,240,62" /><INIT seed="1,0,0,0,4,112" ten="198,250,250,302" oya="1" hai0="16,70,29,119,72,2,109,25,1,120,20,61,40" hai1="66,56,75,0,124,115,8,97,65,42,62,4,91" hai2="132,102,126,44,118,46,73,23,26,68,83,78,37" hai3="9,14,103,95,58,60,85,80,94,53,5,114,57"/><U108/><E115/><V130/><F68/><W116/><G114/><T135/><D72/><U129/><E129/><V21/><F130/><W18/><G103/><T90/><D109/><U128/><E128/><V98/><F132/><W125/><G125/><T86/><D135/><U33/><E124/><V117/><F126/><W123/><G123/><T28/><D119/><U19/><E108/><V7/><F7/><W30/><G30/><T35/><D120/><U79/><E33/><V63/><F63/><W6/><G116/><T88/><D40/><U55/><E42/><V41/><F46/><W106/><G106/><T92/><D90/><U84/><E97/><V82/><F82/><W93/><REACH who="3" step="1"/><G58/><REACH who="3" ten="198,250,250,292" step="2"/><T81/><D29/><U3/><E3/><V48/><F37/><W27/><G27/><T50/><D2/><U87/><E0/><V76/><F76/><AGARI ba="0,1" hai="5,6,9,14,18,53,57,60,76,80,85,93,94,95" machi="76" ten="40,5200,0" yaku="1,1,8,1,53,1" doraHai="112" doraHaiUra="51" who="3" fromWho="2" sc="198,0,250,0,250,-52,292,62" /><INIT seed="2,0,0,5,1,91" ten="198,250,198,354" oya="2" hai0="97,65,87,30,96,64,100,47,120,31,116,117,18" hai1="11,109,80,0,133,29,22,16,57,54,67,84,9" hai2="7,112,4,62,93,43,26,76,121,83,13,44,135" hai3="12,42,104,129,40,90,81,5,134,98,8,95,33"/><V94/><F121/><W56/><G129/><T19/><D120/><U41/><E109/><V71/><F112/><W55/><G134/><T105/><D47/><U46/><E133/><V51/><F135/><W131/><G131/><T110/><D110/><U6/><E9/><V108/><F108/><W99/><G33/><T68/><D87/><U127/><E127/><V36/><F36/><W37/><G37/><T50/><D50/><U1/><E29/><N who="0" m="10761" /><D68/><U128/><E67/><N who="0" m="25673" /><D100/><U25/><E128/><V92/><F71/><W15/><G15/><T20/><D20/><U75/><E75/><V72/><F62/><W124/><G124/><T88/><D105/><U102/><E102/><V10/><REACH who="2" step="1"/><F26/><REACH who="2" ten="198,250,188,354" step="2"/><W114/><G114/><T85/><D116/><U70/><E70/><V103/><F103/><W78/><G104/><T125/><D125/><U122/><E122/><V58/><F58/><W132/><G132/><T79/><D117/><U23/><E57/><V130/><F130/><W69/><G69/><T3/><D3/><U59/><E0/><V111/><F111/><W2/><G2/><T45/><D45/><U77/><E46/><V38/><F38/><W106/><G106/><T119/><D119/><U17/><E1/><V123/><F123/><W113/><G113/><T14/><D79/><U27/><E77/><V118/><F118/><W63/><G78/><T101/><D101/><U126/><E126/><V35/><F35/><W73/><G56/><T66/><D66/><U61/><E59/><V74/><F74/><W52/><G73/><T115/><D115/><U86/><E61/><RYUUKYOKU ba="0,1" sc="198,-10,250,-10,188,30,354,-10" hai2="4,7,10,13,43,44,51,72,76,83,92,93,94" /><INIT seed="2,1,1,5,3,81" ten="188,240,218,344" oya="2" hai0="26,132,54,101,92,55,93,76,116,16,77,94,34" hai1="88,122,42,95,129,126,51,97,31,61,128,56,0" hai2="14,121,62,6,2,110,64,78,127,84,72,109,24" hai3="80,37,86,96,60,35,20,111,90,3,17,58,99"/><V15/><F121/><W67/><G35/><T59/><D116/><U100/><E122/><V38/><F38/><W125/><G111/><N who="2" m="42505" /><F72/><W105/><G105/><T53/><D132/><U91/><E0/><V12/><F127/><W40/><G3/><T82/><D101/><U130/><E126/><V120/><F120/><W119/><G119/><T18/><D59/><U1/><E1/><V107/><F107/><W21/><G125/><T30/><REACH who="0" step="1"/><D77/><REACH who="0" ten="178,240,218,344" step="2"/><U10/><E56/><N who="2" m="36935" /><F6/><W43/><G58/><T71/><D71/><U106/><E129/><V7/><F7/><W131/><G131/><T39/><D39/><U52/><E128/><V135/><F135/><W29/><G37/><T98/><D98/><U66/><E97/><V19/><F2/><W32/><G99/><T87/><AGARI ba="1,2" hai="16,18,26,30,34,53,54,55,76,82,87,92,93,94" machi="87" ten="30,7900,0" yaku="1,1,0,1,52,1,54,1,53,0" doraHai="81" doraHaiUra="102" who="0" fromWho="0" sc="178,102,240,-21,218,-40,344,-21" /><INIT seed="3,0,0,1,5,130" ten="280,219,178,323" oya="3" hai0="11,70,90,49,65,30,26,53,69,106,16,83,77" hai1="52,66,102,67,135,100,3,50,86,0,131,82,92" hai2="78,8,15,48,27,80,117,128,116,115,127,121,71" hai3="98,133,38,73,94,96,88,7,74,23,108,44,110"/><W35/><G35/><T95/><D106/><U22/><E131/><V104/><F115/><W25/><G7/><T1/><D65/><U81/><E22/><V12/><F128/><W79/><G98/><T109/><D109/><N who="3" m="42089" /><G79/><T89/><D89/><U33/><E86/><V59/><F71/><W119/><G119/><T46/><D1/><U126/><E92/><V14/><F104/><W93/><G93/><T75/><D11/><U84/><E84/><V97/><F97/><W113/><G113/><T41/><D16/><U9/><E126/><V60/><F127/><W18/><G133/><T32/><D41/><AGARI ba="0,0" hai="18,23,25,38,41,44,73,74,88,94,96" m="42089" machi="41" ten="30,5800,0" yaku="14,1,10,1,54,1" doraHai="130" who="3" fromWho="0" sc="280,-58,219,0,178,0,323,58" /><INIT seed="3,1,0,2,2,108" ten="222,219,178,381" oya="3" hai0="127,43,20,18,16,77,94,76,29,36,17,131,80" hai1="81,107,44,27,114,50,84,125,40,45,104,90,48" hai2="102,28,8,67,112,35,2,65,11,78,130,0,42" hai3="10,22,64,95,30,6,134,123,110,105,14,61,41"/><W93/><G123/><T92/><D127/><U32/><E125/><V69/><F69/><W120/><G120/><T72/><D131/><U121/><E121/><V38/><F102/><W12/><G105/><T24/><REACH who="0" step="1"/><D77/><REACH who="0" ten="212,219,178,381" step="2"/><U7/><E114/><V57/><F112/><W128/><G128/><T100/><D100/><U89/><E89/><V109/><F78/><W52/><G134/><T133/><D133/><U129/><E129/><V87/><F130/><W88/><G110/><T59/><D59/><U54/><E7/><V117/><F57/><N who="3" m="34983" /><G64/><T66/><D66/><U62/><E62/><V19/><F67/><W101/><G41/><T4/><D4/><U97/><E90/><V39/><F42/><W55/><G101/><T74/><D74/><U68/><E40/><V113/><F65/><W51/><G55/><T85/><D85/><U86/><E54/><V21/><F87/><N who="3" m="52383" /><G51/><T96/><D96/><U106/><E97/><V122/><F122/><W71/><G71/><T83/><D83/><U70/><E81/><V132/><F113/><W115/><G115/><T58/><D58/><U47/><E50/><V73/><F73/><W37/><G37/><T98/><D98/><U75/><E48/><V135/><F109/><W15/><G95/><T60/><D60/><U99/><E75/><V26/><F135/><W31/><G31/><T103/><D103/><U126/><E126/><V119/><F132/><W13/><G30/><T56/><D56/><U9/><E68/><V1/><F39/><W33/><G33/><T5/><D5/><U63/><E70/><V46/><F38/><RYUUKYOKU ba="1,1" sc="212,15,219,-15,178,-15,381,15" hai0="16,17,18,20,24,29,36,43,72,76,80,92,94" hai3="6,10,12,13,14,15,22" /><INIT seed="3,2,1,0,1,113" ten="227,204,163,396" oya="3" hai0="131,31,68,59,21,27,62,111,23,9,88,17,103" hai1="114,94,37,63,112,110,119,66,134,123,74,10,106" hai2="117,127,15,107,100,53,29,35,109,92,34,33,77" hai3="133,125,51,38,72,87,44,12,75,97,65,54,45"/><W3/><G3/><T108/><D131/><U16/><E123/><V26/><F107/><W115/><G115/><T80/><D68/><U11/><E106/><V25/><F109/><N who="0" m="42058" /><D103/><U13/><E110/><V69/><F127/><W43/><G125/><T130/><D130/><U129/><E129/><V56/><F69/><W104/><G133/><T121/><D121/><U52/><E74/><V1/><F1/><W47/><G65/><N who="0" m="39135" /><D9/><U120/><E120/><V64/><F64/><W19/><G87/><N who="0" m="50279" /><D17/><U67/><E16/><V122/><F122/><W2/><G2/><T7/><D7/><U116/><E10/><V5/><F77/><W76/><G76/><T135/><D135/><U105/><E134/><V20/><F5/><W30/><G30/><T102/><D102/><U61/><E11/><V71/><F71/><W39/><G75/><T18/><D18/><U83/><E112/><V60/><F29/><W49/><G72/><T40/><D40/><U55/><E114/><V6/><F6/><W48/><G104/><T50/><D50/><U98/><E105/><V93/><F100/><W90/><G90/><T96/><D96/><U84/><E98/><V58/><F60/><W8/><REACH who="3" step="1"/><G97/><REACH who="3" ten="227,204,163,386" step="2"/><T41/><D41/><AGARI ba="2,2" hai="8,12,19,38,39,41,43,44,45,47,48,49,51,54" machi="41" ten="30,11600,0" yaku="1,1,2,1,7,1,9,1,53,0" doraHai="113" doraHaiUra="24" who="3" fromWho="0" sc="227,-122,204,0,163,0,386,142" /><INIT seed="3,3,0,3,1,1" ten="105,204,163,528" oya="3" hai0="87,36,133,40,24,93,45,5,110,32,53,13,44" hai1="123,98,126,31,50,85,15,114,59,103,91,25,106" hai2="127,35,68,66,37,92,80,48,49,57,86,100,39" hai3="78,55,118,11,51,21,74,28,122,88,95,26,38"/><W4/><G118/><T64/><D110/><U130/><E130/><V9/><F35/><W89/><G122/><T104/><D104/><U33/><E123/><V56/><F127/><W34/><G38/><T131/><D133/><U108/><E108/><V65/><F9/><W99/><G74/><T17/><D131/><U3/><E3/><V132/><F100/><W46/><G78/><T121/><D121/><U7/><E114/><V73/><F92/><W47/><G34/><T75/><D75/><U22/><E126/><V107/><F73/><W105/><G105/><T129/><D129/><U120/><E120/><V6/><F107/><W67/><G67/><T79/><D64/><U83/><E33/><V134/><F86/><W19/><G28/><T135/><D135/><U61/><E50/><V102/><F102/><W60/><G60/><T62/><D79/><U27/><E27/><V109/><F80/><W0/><REACH who="3" step="1"/><G89/><REACH who="3" ten="105,204,163,518" step="2"/><T12/><D32/><U72/><E72/><V2/><F66/><W20/><G20/><T77/><D77/><U63/><E63/><V111/><F65/><W52/><G52/><T76/><D53/><U23/><E61/><V84/><F132/><W58/><AGARI ba="3,1" hai="0,4,11,19,21,26,46,47,51,55,58,88,95,99" machi="58" ten="20,18000,2" yaku="1,1,0,1,7,1,52,1,54,1,53,1" doraHai="1" doraHaiUra="94" who="3" fromWho="3" sc="105,-63,204,-63,163,-63,518,199" /><INIT seed="3,4,0,4,5,6" ten="42,141,100,717" oya="3" hai0="50,8,75,65,26,87,56,98,71,127,82,30,23" hai1="39,45,67,91,101,134,121,74,66,46,131,100,51" hai2="3,27,120,114,16,14,42,21,88,58,22,35,44" hai3="119,69,38,62,99,0,11,89,80,109,95,19,106"/><W48/><G119/><T112/><D127/><U60/><E121/><V47/><F114/><W84/><G38/><T72/><D112/><U126/><E126/><V52/><F35/><W135/><G135/><T104/><D71/><U128/><E74/><V123/><F3/><W43/><G106/><T18/><D104/><U94/><E39/><V129/><F129/><W1/><G109/><T40/><D98/><U110/><E110/><V111/><F111/><W13/><G43/><T7/><D30/><U20/><E20/><V83/><F42/><W107/><G48/><T90/><D65/><U76/><E76/><V116/><F116/><W4/><G107/><T86/><D86/><U108/><E134/><V124/><F124/><W78/><REACH who="3" step="1"/><G4/><REACH who="3" ten="42,141,100,707" step="2"/><T25/><D25/><U102/><E108/><V53/><F123/><W41/><G41/><T36/><D36/><U33/><E51/><V5/><F5/><W118/><G118/><T34/><D34/><U96/><E128/><V28/><F120/><W132/><G132/><T73/><D40/><U54/><E33/><V122/><F122/><W68/><G68/><T10/><REACH who="0" step="1"/><D7/><REACH who="0" ten="32,141,100,707" step="2"/><U32/><E32/><V24/><F24/><W61/><G61/><T49/><D49/><U55/><E60/><V92/><F27/><W81/><G81/><T97/><D97/><U130/><E130/><V15/><F83/><W113/><G113/><T103/><D103/><U64/><E131/><V29/><F92/><W12/><G12/><T37/><D37/><U105/><E105/><V85/><F14/><W57/><G57/><T93/><D93/><RYUUKYOKU ba="4,2" sc="32,10,141,10,100,-30,707,10" hai0="8,10,18,23,26,50,56,72,73,75,82,87,90" hai1="45,46,54,55,64,66,67,91,94,96,100,101,102" hai3="0,1,11,13,19,62,69,78,80,84,89,95,99" /><INIT seed="3,5,2,5,4,98" ten="42,151,70,717" oya="3" hai0="89,78,12,81,124,102,109,30,52,74,70,132,80" hai1="108,75,113,99,128,55,91,135,41,26,36,76,84" hai2="105,114,130,48,116,38,129,115,88,23,53,28,1" hai3="127,133,73,85,131,24,51,27,29,66,93,121,49"/><W20/><G121/><T100/><D70/><U101/><E26/><N who="2" m="16479" /><F38/><W17/><G133/><T97/><D30/><U110/><E113/><V103/><F1/><W59/><G131/><N who="2" m="50185" /><F116/><W5/><G127/><T94/><D124/><U119/><E119/><V57/><F88/><W112/><G73/><T22/><D132/><U62/><E135/><V19/><F19/><W32/><G112/><N who="2" m="43049" /><F105/><W42/><G5/><T120/><D120/><U63/><E128/><V33/><F103/><W46/><G66/><T39/><D109/><U90/><E101/><V0/><F0/><W65/><G65/><T44/><D81/><U25/><E36/><V126/><F126/><W14/><G59/><T61/><D39/><U111/><E90/><V13/><F13/><W71/><G71/><T11/><D22/><U45/><E91/><V15/><F15/><W34/><G93/><T54/><D54/><U4/><E55/><V86/><F86/><W47/><G85/><T31/><D31/><U58/><E84/><V79/><F33/><W83/><G34/><T134/><D134/><U96/><E110/><V72/><F79/><W122/><G122/><T117/><D117/><U95/><E76/><V43/><F43/><W40/><G83/><T68/><D68/><U92/><E41/><V67/><F67/><W87/><G87/><T7/><REACH who="0" step="1"/><D44/><REACH who="0" ten="32,151,70,717" step="2"/><U8/><E45/><V118/><F118/><W9/><G9/><T77/><D77/><U37/><E108/><V21/><F21/><W18/><G18/><T82/><D82/><U2/><E111/><V125/><F125/><W10/><G20/><RYUUKYOKU ba="5,3" sc="32,10,151,-30,70,10,717,10" hai0="7,11,12,52,61,74,78,80,89,94,97,100,102" hai2="48,53,57,72" hai3="10,14,17,24,27,29,32,40,42,46,47,49,51" /><INIT seed="3,6,3,0,3,82" ten="42,121,80,727" oya="3" hai0="46,76,126,58,8,18,116,78,55,6,103,96,94" hai1="119,101,135,107,84,22,41,117,88,123,92,63,121" hai2="45,37,36,80,5,64,91,49,50,128,43,25,102" hai3="95,115,85,86,125,106,114,33,79,89,97,30,77"/><W68/><G33/><T66/><D116/><N who="1" m="44619" /><E41/><V2/><F102/><N who="3" m="62799" /><G30/><T111/><D111/><U54/><E135/><V24/><F64/><W105/><G68/><T26/><D126/><U67/><E54/><V15/><F2/><W23/><G23/><N who="0" m="13687" /><D46/><U60/><E22/><V130/><F50/><W57/><G57/><T62/><D55/><U120/><E67/><V104/><F104/><W70/><G70/><T0/><D0/><U132/><E132/><V21/><F5/><W65/><G65/><T7/><D8/><U131/><E131/><N who="2" m="50219" /><F15/><W31/><G31/><T3/><D3/><U17/><E17/><N who="2" m="12335" /><F25/><W100/><G125/><T28/><D28/><U29/><E29/><V110/><F110/><W35/><G35/><T133/><D133/><U13/><E13/><V9/><F9/><W11/><G11/><T71/><D71/><U12/><E12/><V14/><F14/><W109/><G109/><T124/><D124/><U38/><E38/><V27/><F27/><W72/><G72/><T1/><D1/><U108/><E108/><V69/><F69/><W56/><G56/><T44/><D44/><U59/><E59/><V127/><F127/><W118/><G118/><T4/><AGARI ba="6,3" hai="4,6,7,58,62,66,76,78,94,96,103" m="13687" machi="4" ten="30,1100,0" yaku="8,1" doraHai="82" who="0" fromWho="0" sc="42,59,121,-9,80,-9,727,-11" /><INIT seed="4,0,0,1,4,134" ten="101,112,71,716" oya="0" hai0="115,64,99,55,60,15,1,57,111,7,22,16,40" hai1="133,94,26,106,79,56,0,9,4,95,96,53,67" hai2="116,91,52,2,24,32,82,104,123,61,100,19,125" hai3="21,34,105,58,11,70,84,33,121,110,20,90,50"/><T65/><D115/><U87/><E133/><V44/><F123/><W118/><G70/><T119/><D119/><U25/><E106/><V86/><F2/><W14/><G118/><T81/><D111/><U89/><E67/><V113/><F116/><W78/><G105/><T29/><D99/><U36/><E36/><V98/><F113/><W92/><G110/><T108/><D108/><U97/><E97/><V49/><F61/><W41/><G34/><T8/><D40/><U129/><E129/><V132/><F132/><W107/><G33/><T69/><D69/><U80/><REACH who="1" step="1"/><E95/><REACH who="1" ten="101,102,71,716" step="2"/><V135/><F135/><W27/><G107/><T10/><D81/><U74/><E74/><V51/><F82/><W59/><G92/><T5/><D29/><U120/><E120/><V30/><F30/><W112/><G78/><T76/><REACH who="0" step="1"/><D76/><REACH who="0" ten="91,102,71,716" step="2"/><U47/><E47/><V75/><F44/><W23/><G112/><T102/><D102/><U109/><E109/><V35/><F100/><W124/><G121/><T43/><D43/><U42/><E42/><V126/><F98/><W46/><G41/><T71/><D71/><U63/><AGARI ba="0,2" hai="0,4,9,25,26,53,56,63,79,80,87,89,94,96" machi="63" ten="20,2700,0" yaku="1,1,0,1,7,1,53,0" doraHai="134" doraHaiUra="131" who="1" fromWho="1" sc="91,-13,102,47,71,-7,716,-7" /><INIT seed="5,0,0,5,3,76" ten="78,149,64,709" oya="1" hai0="3,83,112,69,103,130,114,48,21,58,128,120,81" hai1="55,14,121,87,24,28,27,101,70,44,40,88,30" hai2="57,117,22,2,91,51,65,133,84,119,4,41,115" hai3="125,95,52,7,66,0,80,62,45,93,35,77,79"/><U110/><E121/><V73/><F73/><W59/><G35/><T111/><D111/><U102/><E70/><V96/><F96/><W85/><G125/><T46/><D69/><U64/><E64/><V49/><F133/><W71/><G0/><T19/><D3/><U74/><E74/><V97/><F97/><W92/><G7/><T90/><D90/><U60/><E14/><V5/><F2/><W113/><G113/><N who="0" m="43627" /><D58/><U82/><E60/><N who="2" m="38031" /><F115/><W11/><G11/><T135/><D103/><N who="1" m="39435" /><E40/><V6/><F119/><W134/><G134/><T100/><D100/><U122/><E122/><V109/><F109/><W17/><G17/><T56/><D56/><U47/><E47/><V13/><F41/><W131/><G131/><N who="0" m="50219" /><D135/><U124/><E124/><V32/><F32/><W72/><G72/><T123/><D123/><U36/><E36/><V108/><F117/><W98/><G79/><T39/><D39/><U78/><E78/><V89/><F108/><W126/><G126/><T23/><D120/><U118/><E118/><V10/><F22/><N who="0" m="8202" /><D19/><U25/><E110/><V12/><F91/><N who="3" m="55583" /><G71/><T127/><D127/><U20/><E30/><V106/><F106/><W37/><G37/><T50/><D50/><AGARI ba="0,0" hai="20,24,25,27,28,44,50,55,82,87,88" m="39435" machi="50" ten="30,5800,0" yaku="8,1,52,1,54,1" doraHai="76" who="1" fromWho="0" sc="78,-58,149,58,64,0,709,0" /><AGARI ba="0,0" hai="45,50,52,59,62,66,77,80,85,93,95" m="55583" machi="50" ten="30,3900,0" yaku="8,1,52,1,54,1" doraHai="76" who="3" fromWho="0" sc="20,-39,207,0,64,0,709,39" owari="-19,-52.0,207,1.0,64,-34.0,748,85.0" /></mjloggm>