<mjloggm ver="2.3"><GO type="169" lobby="0"/><UN n0="%E3%82%AB%E3%83%9D%E3%83%8D%E5%9B%A3%E3%81%AE%E5%85%84%E8%B2%B4" n1="%79%61%6D%61%64%61" n2="%E3%83%92%E3%83%AB%E3%83%99%E3%83%AB%E3%83%88" n3="%64%75%72%72%72%72%72" dan="19,16,16,17" rate="2291.59,2151.72,2141.41,2149.30" sx="M,M,M,M"/><TAIKYOKU oya="0"/><INIT seed="0,0,0,0,3,36" ten="250,250,250,250" oya="0" hai0="125,35,41,52,54,111,18,31,42,73,12,123,16" hai1="38,32,34,67,75,78,105,26,132,98,37,104,64" hai2="30,120,88,77,110,8,135,59,96,21,124,86,109" hai3="46,108,119,89,97,57,113,66,72,102,19,117,82"/><T114/><D114/><U134/><E78/><V100/><F120/><W22/><G113/><T130/><D123/><U48/><E48/><V47/><F8/><W74/><G108/><N who="2" m="41577" /><F59/><W112/><G112/><T68/><D111/><U76/><E76/><V83/><F30/><W115/><G115/><T116/><D116/><U79/><E79/><V122/><F122/><W133/><G133/><N who="1" m="51306" /><E26/><V91/><F21/><W17/><G22/><T63/><D73/><U55/><E98/><V50/><F135/><W80/><G97/><T0/><D0/><U25/><E55/><N who="0" m="21033" /><D35/><N who="1" m="13355" /><E25/><V62/><F62/><W131/><G72/><T84/><D31/><U128/><E75/><V6/><F6/><W24/><G74/><T87/><D68/><U69/><E69/><V129/><F124/><W53/><G117/><T121/><D125/><U56/><E56/><V118/><F118/><W101/><G57/><T95/><D63/><U65/><E128/><V81/><F129/><W92/><G131/><T11/><D121/><U106/><AGARI ba="0,0" hai="37,38,64,65,67,104,105,106" m="13355,51306" machi="106" ten="50,6400,0" yaku="28,2,20,1" doraHai="36" who="1" fromWho="1" sc="250,-32,250,64,250,-16,250,-16" /><INIT seed="1,0,0,2,2,116" ten="218,314,234,234" oya="1" hai0="135,48,126,84,117,24,119,79,121,132,57,82,12" hai1="65,106,93,107,71,128,19,45,10,96,129,100,130" hai2="94,83,124,27,67,8,74,63,97,55,50,16,7" hai3="78,28,46,3,60,99,112,111,87,22,68,30,0"/><U44/><E71/><V70/><F124/><W85/><G112/><T101/><D126/><U25/><E65/><V17/><F74/><W109/><G99/><T38/><D38/><U61/><E61/><V122/><F83/><W9/><G46/><T54/><D101/><U108/><E108/><V77/><F77/><W34/><G22/><T6/><D24/><U29/><E19/><V15/><F122/><W72/><G72/><T102/><D102/><U41/><E10/><V4/><F27/><W58/><G68/><T133/><REACH who="0" step="1"/><D121/><REACH who="0" ten="208,314,234,234" step="2"/><U80/><E80/><V69/><F69/><W62/><G109/><T49/><D49/><N who="1" m="26767" /><E45/><V104/><F104/><W95/><G111/><T51/><D51/><U43/><E43/><V33/><F33/><AGARI ba="0,1" hai="25,29,33,93,96,100,106,107,128,129,130" m="26767" machi="33" ten="30,1500,0" yaku="19,1" doraHai="116" who="1" fromWho="2" sc="208,0,314,25,234,-15,234,0" /><INIT seed="1,1,0,2,3,130" ten="208,339,219,234" oya="1" hai0="124,33,108,51,60,97,4,102,78,121,35,73,131" hai1="25,113,94,34,41,126,118,30,48,54,114,100,109" hai2="18,12,8,17,76,32,23,96,22,3,15,95,6" hai3="57,74,26,80,99,111,77,0,91,67,62,84,21"/><U42/><E118/><V134/><F76/><W87/><G0/><T58/><D131/><U61/><E61/><V101/><F32/><W28/><G111/><T125/><D108/><U55/><E109/><V103/><REACH who="2" step="1"/><F134/><REACH who="2" ten="208,339,209,234" step="2"/><W38/><G38/><T79/><D35/><U24/><E34/><V10/><F10/><W107/><G91/><AGARI ba="1,1" hai="3,6,8,12,15,17,18,22,23,91,95,96,101,103" machi="91" ten="30,7700,0" yaku="1,1,7,1,9,1,53,1" doraHai="130" doraHaiUra="86" who="2" fromWho="3" sc="208,0,339,0,209,90,234,-80" /><INIT seed="2,0,0,4,2,133" ten="208,339,299,154" oya="2" hai0="59,86,19,40,77,65,81,18,114,117,26,127,109" hai1="16,99,52,31,43,90,121,60,73,113,126,10,50" hai2="111,112,58,103,79,82,70,88,67,25,24,6,39" hai3="91,49,124,123,54,5,120,98,7,57,116,14,97"/><V72/><F112/><W96/><G116/><T131/><D114/><U125/><E113/><V47/><F103/><W61/><G124/><N who="1" m="47722" /><E121/><V78/><F78/><W17/><G123/><T71/><D71/><U11/><E73/><V66/><F111/><W55/><G120/><T23/><D131/><U2/><E2/><V100/><F100/><W4/><G91/><T105/><D105/><U118/><E118/><V41/><F70/><W110/><G110/><T69/><D69/><U63/><E31/><V12/><F88/><W33/><G33/><T104/><D104/><U76/><E43/><V35/><F35/><W93/><G93/><T108/><D117/><U13/><E76/><V107/><F107/><W9/><REACH who="3" step="1"/><G5/><REACH who="3" ten="208,339,299,144" step="2"/><T8/><D127/><U3/><E90/><V75/><F79/><W64/><G64/><T37/><D108/><U27/><E99/><V22/><F66/><W74/><G74/><T89/><D77/><U84/><E84/><V128/><F72/><W42/><G42/><T83/><D40/><U51/><E27/><V20/><F75/><W30/><G30/><T53/><D109/><U48/><E52/><V56/><F67/><W94/><G94/><T102/><D65/><U129/><E129/><V32/><F128/><W135/><G135/><T87/><D86/><U115/><E115/><V46/><F41/><W122/><G122/><T68/><D68/><U44/><E44/><AGARI ba="0,1" hai="4,7,9,14,17,44,49,54,55,57,61,96,97,98" machi="44" ten="40,2600,0" yaku="1,1,8,1,53,0" doraHai="133" doraHaiUra="21" who="3" fromWho="1" sc="208,0,339,-26,299,0,144,36" /><INIT seed="3,0,0,4,2,97" ten="208,313,299,180" oya="3" hai0="15,82,40,74,54,107,105,44,13,76,14,91,88" hai1="71,109,26,104,2,25,73,112,10,110,64,126,133" hai2="29,115,63,77,124,56,134,68,117,6,62,75,43" hai3="72,46,30,132,89,128,101,23,135,87,17,67,84"/><W39/><G72/><T53/><D105/><U27/><E64/><V100/><F115/><W93/><G67/><T120/><D107/><U118/><E104/><V121/><F117/><W51/><G39/><T85/><D120/><U92/><E92/><V5/><F29/><W80/><G30/><T0/><D0/><U50/><E50/><V19/><F121/><W37/><G37/><T98/><D98/><U106/><E106/><V7/><F77/><W130/><G101/><T90/><REACH who="0" step="1"/><D74/><REACH who="0" ten="198,313,299,180" step="2"/><U96/><E73/><V131/><F75/><W41/><G132/><T16/><D16/><U78/><E96/><V4/><F19/><W127/><G135/><T66/><D66/><U36/><E2/><V114/><F134/><W129/><G127/><T60/><D60/><U32/><E126/><V45/><F63/><W111/><G111/><T61/><D61/><U103/><E133/><V22/><F62/><W8/><G8/><T122/><D122/><U34/><E10/><V86/><F124/><W94/><REACH who="3" step="1"/><G87/><REACH who="3" ten="198,313,299,170" step="2"/><T31/><D31/><U99/><E110/><V48/><F86/><W116/><G116/><T24/><D24/><AGARI ba="0,2" hai="17,23,24,41,46,51,80,84,89,93,94,128,129,130" machi="24" ten="40,3900,0" yaku="1,1,19,1,53,0" doraHai="97" doraHaiUra="113" who="3" fromWho="0" sc="198,-39,313,0,299,0,170,59" /><INIT seed="3,1,0,1,4,121" ten="159,313,299,229" oya="3" hai0="92,51,93,42,120,95,133,5,103,47,38,101,67" hai1="73,30,131,49,85,111,78,107,10,112,132,75,77" hai2="15,71,55,123,117,98,82,64,54,88,9,43,31" hai3="113,109,81,125,129,104,28,69,2,118,16,72,84"/><W34/><RYUUKYOKU type="yao9" ba="1,0" sc="159,0,313,0,299,0,229,0" hai3="2,16,28,34,69,72,81,84,104,109,113,118,125,129" /><INIT seed="3,2,0,5,2,1" ten="159,313,299,229" oya="3" hai0="43,16,8,36,68,106,79,39,107,20,122,32,33" hai1="7,22,13,6,30,34,27,76,49,133,42,102,24" hai2="3,113,2,123,54,15,104,53,28,90,83,91,73" hai3="100,88,99,103,120,112,10,117,129,11,84,29,67"/><W109/><G120/><T93/><D79/><U87/><E133/><V48/><F104/><W14/><G117/><T127/><D122/><U114/><E114/><V57/><F113/><W125/><G112/><T94/><D8/><U80/><E102/><V89/><F123/><W98/><G129/><T82/><D82/><U92/><E13/><V60/><F28/><W74/><G74/><T135/><D68/><U77/><E77/><V40/><F40/><W72/><G72/><T81/><D81/><U21/><E34/><V52/><F15/><W45/><G125/><T66/><D66/><U101/><E42/><V61/><F73/><W25/><G109/><T71/><D71/><U124/><E124/><V59/><REACH who="2" step="1"/><F83/><REACH who="2" ten="159,313,289,229" step="2"/><W119/><G14/><T17/><D43/><U65/><E65/><V116/><F116/><W23/><G29/><T75/><D75/><U18/><E49/><V108/><F108/><W19/><G67/><T128/><D127/><U56/><E56/><AGARI ba="2,1" hai="2,3,48,52,53,54,56,57,59,60,61,89,90,91" machi="56" ten="40,5200,0" yaku="1,1,9,1,54,1,53,0" doraHai="1" doraHaiUra="62" who="2" fromWho="1" sc="159,0,313,-58,289,68,229,0" /><INIT seed="4,0,0,1,3,26" ten="159,255,357,229" oya="0" hai0="35,9,49,115,99,72,47,19,0,20,48,54,105" hai1="36,131,25,60,75,78,109,18,13,16,8,117,71" hai2="118,51,93,130,5,15,102,45,32,14,55,120,29" hai3="97,59,85,110,82,42,133,24,40,66,125,30,34"/><T50/><D72/><U90/><E117/><V33/><F120/><W69/><G110/><T80/><D35/><U65/><E109/><V116/><F130/><W87/><G133/><T83/><D115/><U81/><E131/><V103/><F93/><W114/><G114/><T88/><D0/><U41/><E90/><V101/><F5/><W107/><G59/><T84/><D80/><U104/><E104/><V2/><F2/><W23/><G23/><T100/><REACH who="0" step="1"/><D20/><REACH who="0" ten="149,255,357,229" step="2"/><U68/><E81/><V119/><F33/><N who="3" m="20679" /><G125/><T38/><D38/><U77/><E75/><V123/><F123/><W62/><G34/><T106/><D106/><U95/><E36/><V127/><F127/><W52/><G82/><T122/><D122/><U76/><E95/><V57/><F32/><W39/><G39/><T37/><D37/><U112/><E112/><V98/><F119/><W11/><G107/><T21/><D21/><U128/><E128/><V86/><F118/><W31/><G11/><T129/><D129/><U61/><E8/><V46/><F116/><W63/><G31/><T121/><D121/><U6/><E6/><V70/><F29/><W56/><G87/><T53/><D53/><U12/><E41/><V89/><F86/><W10/><G97/><T44/><D44/><U94/><E94/><V28/><F28/><W92/><G10/><T124/><D124/><U43/><E43/><V73/><F46/><W91/><G40/><T134/><D134/><U135/><E135/><V17/><F45/><W96/><G42/><T1/><D1/><U3/><E3/><V27/><F98/><RYUUKYOKU ba="0,1" sc="149,15,255,-15,357,-15,229,15" hai0="9,19,47,48,49,50,54,83,84,88,99,100,105" hai3="52,56,62,63,66,69,85,91,92,96" /><INIT seed="4,1,1,4,4,89" ten="164,240,342,244" oya="0" hai0="127,32,69,126,29,120,84,58,30,31,73,94,76" hai1="130,12,68,10,62,64,45,0,79,124,108,118,74" hai2="53,4,59,57,48,105,1,134,36,88,92,111,23" hai3="26,128,65,6,72,123,25,77,109,55,96,11,133"/><T106/><D106/><U63/><E108/><V43/><F111/><W54/><G109/><T100/><D69/><U14/><E118/><V101/><F134/><W90/><G133/><T81/><D120/><U119/><E119/><V50/><F105/><W8/><G123/><T93/><D32/><U38/><E63/><V60/><F101/><W34/><G65/><T17/><D100/><U107/><E107/><V99/><F36/><W116/><G116/><T104/><D104/><U52/><E130/><V87/><F99/><W28/><G128/><T41/><D41/><N who="1" m="22711" /><E52/><N who="2" m="31895" /><F1/><W37/><G37/><T113/><D113/><U85/><E85/><V2/><F2/><W47/><G47/><T122/><D122/><U56/><E56/><V42/><F4/><W19/><G72/><T78/><D58/><U131/><E124/><N who="0" m="47657" /><D17/><U102/><E102/><V112/><F112/><W67/><G19/><T86/><D86/><U125/><E131/><V49/><F23/><W20/><G34/><T129/><D129/><U121/><E121/><V71/><F71/><W98/><G98/><T15/><D15/><U61/><E125/><V46/><F49/><W82/><G96/><T115/><D115/><U91/><E12/><V83/><F83/><AGARI ba="1,1" hai="29,30,31,73,76,78,81,83,84,93,94" m="47657" machi="83" ten="30,5800,0" yaku="18,1,52,2" doraHai="89" who="0" fromWho="2" sc="164,71,240,0,342,-61,244,0" /><INIT seed="4,2,0,4,3,7" ten="235,240,281,244" oya="0" hai0="89,81,122,36,120,118,5,92,75,105,33,125,6" hai1="52,124,59,60,116,18,62,12,37,38,61,78,8" hai2="77,64,46,134,85,11,97,67,86,130,27,4,114" hai3="2,48,17,103,9,98,44,16,28,110,100,93,32"/><T30/><D118/><U14/><E116/><V58/><F114/><W69/><G69/><T91/><D36/><U83/><E124/><V13/><F130/><W57/><G110/><T94/><D105/><U74/><E60/><V113/><F113/><W107/><G57/><T26/><D125/><U123/><E123/><V10/><F134/><W102/><G32/><T84/><D75/><U19/><REACH who="1" step="1"/><E62/><REACH who="1" ten="235,230,281,244" step="2"/><V106/><F67/><W115/><G115/><T23/><D120/><U41/><E41/><V80/><F64/><W66/><G66/><T79/><D122/><U126/><E126/><V1/><F46/><W72/><G44/><T15/><D33/><U101/><E101/><V24/><F58/><W96/><G103/><T21/><D79/><U129/><E129/><V111/><F111/><W131/><G102/><T99/><D81/><U49/><E49/><V82/><F106/><W70/><G48/><T88/><D89/><U0/><E0/><V121/><F121/><W71/><G131/><T31/><D31/><U128/><E128/><V45/><F45/><W51/><G28/><T90/><D91/><U53/><E53/><V133/><F133/><W20/><G100/><T104/><D104/><U135/><E135/><V132/><F132/><W63/><G107/><T54/><D54/><U29/><E29/><V55/><F55/><W127/><G127/><T87/><D99/><U39/><E39/><V35/><F97/><W43/><G98/><T56/><D56/><U34/><E34/><V73/><F35/><W47/><G96/><T117/><D117/><U42/><E42/><RYUUKYOKU ba="2,1" sc="235,15,230,15,281,-15,244,-15" hai0="5,6,15,21,23,26,30,84,87,88,90,92,94" hai1="8,12,14,18,19,37,38,52,59,61,74,78,83" /><INIT seed="4,3,1,1,5,85" ten="250,245,266,229" oya="0" hai0="11,109,14,121,96,116,119,51,47,23,106,29,64" hai1="26,105,15,43,112,125,114,99,27,38,49,134,95" hai2="71,79,8,30,7,68,69,22,24,61,52,36,37" hai3="87,92,35,16,107,65,72,28,129,39,91,83,42"/><T45/><D121/><U135/><E105/><V19/><F79/><W133/><G107/><T3/><D109/><U131/><E38/><V103/><F103/><W127/><G72/><T9/><D64/><U75/><E75/><V5/><F5/><W17/><G35/><T81/><D81/><U93/><E125/><V76/><F76/><W4/><G127/><T104/><D29/><U57/><E15/><V31/><F31/><W13/><G39/><T21/><D96/><U62/><E49/><V128/><F128/><W60/><G28/><T59/><D59/><U102/><E43/><V77/><F77/><W0/><G0/><T46/><D46/><U74/><E95/><V78/><F78/><W108/><G133/><N who="1" m="50698" /><E131/><V6/><F6/><W56/><G129/><T58/><D58/><U132/><N who="1" m="50706" /><U10/><DORA hai="53" /><E10/><V120/><F120/><W32/><G42/><T2/><D51/><U40/><E40/><V34/><F30/><W124/><G108/><T86/><D86/><U55/><E74/><V33/><F37/><W50/><G50/><T18/><D14/><U66/><E66/><V111/><F111/><W94/><G124/><T118/><D118/><U88/><E102/><V20/><F20/><W12/><G4/><T122/><D122/><U130/><E130/><V82/><F36/><W117/><G32/><T115/><REACH who="0" step="1"/><D18/><REACH who="0" ten="240,245,266,229" step="2"/><N who="3" m="7273" /><G117/><T84/><D84/><U89/><E89/><V44/><F82/><W98/><G83/><T90/><D90/><AGARI ba="3,2" hai="12,13,56,60,65,87,90,91,92,94,98" m="7273" machi="90" ten="30,8000,1" yaku="8,1,52,3,54,1" doraHai="85,53" who="3" fromWho="0" sc="240,-89,245,0,266,0,229,109" /><INIT seed="5,0,0,0,3,66" ten="151,245,266,338" oya="1" hai0="105,3,42,13,83,49,117,52,48,80,129,84,131" hai1="94,71,58,0,89,109,65,45,88,29,19,18,47" hai2="53,125,74,95,51,101,90,36,46,9,56,78,93" hai3="26,81,85,44,30,1,33,79,28,122,64,135,108"/><U92/><E0/><V124/><F74/><W35/><G1/><T41/><D3/><U43/><E29/><V6/><F78/><W102/><G108/><T23/><D105/><U113/><E109/><V17/><F17/><N who="1" m="6153" /><E71/><V132/><F132/><W120/><G135/><T75/><D23/><U97/><E43/><V77/><F77/><W16/><G102/><T14/><D84/><N who="1" m="52231" /><E113/><V123/><F123/><W59/><G44/><T34/><D34/><U70/><E70/><V31/><F31/><W121/><G16/><T67/><D67/><U20/><E20/><V15/><F101/><W39/><G39/><T86/><D86/><U76/><E76/><V62/><F36/><W25/><G64/><T8/><D8/><U106/><E106/><V50/><F50/><W107/><G59/><T111/><D111/><U4/><E4/><V91/><F95/><W2/><G2/><T96/><D96/><U60/><AGARI ba="0,0" hai="45,47,58,60,65,89,94,97" m="52231,6153" machi="60" ten="30,3000,0" yaku="8,1,54,1" doraHai="66" who="1" fromWho="1" sc="151,-10,245,30,266,-10,338,-10" /><INIT seed="5,1,0,4,0,34" ten="141,275,256,328" oya="1" hai0="53,60,0,98,112,59,6,13,86,88,101,56,61" hai1="25,104,131,50,132,51,46,71,74,27,117,28,35" hai2="43,7,62,133,97,29,91,127,26,9,17,20,15" hai3="3,80,23,100,55,124,44,57,111,121,115,16,118"/><U36/><E117/><V135/><F43/><W2/><G118/><T128/><D128/><U22/><E104/><V108/><F62/><W102/><G111/><T89/><D112/><U40/><E131/><V75/><F75/><W18/><G121/><T107/><D13/><U116/><E116/><V32/><F108/><W69/><G69/><T125/><D125/><U21/><E132/><N who="2" m="50763" /><F91/><W120/><G120/><T42/><D42/><U5/><E71/><V83/><F83/><W95/><G124/><T126/><D126/><U4/><E74/><V38/><F97/><W10/><G115/><T119/><D119/><U63/><E63/><V64/><F38/><W99/><G44/><T19/><D19/><U49/><REACH who="1" step="1"/><E35/><REACH who="1" ten="141,265,256,328" step="2"/><V76/><F127/><W14/><G102/><T123/><D123/><U54/><E54/><V24/><F64/><W65/><G65/><T66/><REACH who="0" step="1"/><D86/><REACH who="0" ten="131,265,256,328" step="2"/><U84/><E84/><V58/><F32/><W67/><G99/><T81/><D81/><U134/><E134/><V70/><F70/><W87/><G80/><T39/><D39/><U90/><E90/><V1/><F76/><W94/><G87/><T45/><D45/><U41/><E41/><V113/><F58/><W8/><G57/><T73/><D73/><U72/><E72/><V129/><F129/><W52/><G100/><T103/><D103/><U106/><E106/><V48/><F113/><W12/><G67/><T77/><D77/><U114/><E114/><V30/><F48/><W93/><G93/><T82/><D82/><U33/><E33/><V47/><F47/><W109/><G109/><RYUUKYOKU ba="1,2" sc="131,0,265,0,256,0,328,0" hai0="0,6,53,56,59,60,61,66,88,89,98,101,107" hai1="4,5,21,22,25,27,28,36,40,46,49,50,51" hai2="1,7,9,15,17,20,24,26,29,30" hai3="2,3,8,10,12,14,16,18,23,52,55,94,95" /><INIT seed="5,2,2,4,4,18" ten="131,265,256,328" oya="1" hai0="33,129,98,12,24,7,11,20,34,96,107,61,68" hai1="112,39,92,90,135,65,53,126,15,27,48,133,66" hai2="64,119,42,70,3,62,128,83,4,9,0,87,67" hai3="100,63,60,8,14,23,73,116,124,37,74,35,78"/><U32/><E39/><V130/><F119/><W114/><G35/><T99/><D107/><U109/><E112/><V91/><F67/><W75/><G37/><T84/><D129/><N who="2" m="49770" /><F42/><W25/><G78/><T108/><D108/><U77/><E77/><V120/><F120/><W105/><G116/><T45/><D45/><U104/><E104/><V10/><F10/><W46/><G46/><T2/><D2/><AGARI ba="2,2" hai="0,2,3,4,9,62,64,70,83,87,91" m="49770" machi="2" ten="30,1000,0" yaku="19,1" doraHai="18" who="2" fromWho="0" sc="131,-16,265,0,256,36,328,0" /><INIT seed="6,0,0,3,3,11" ten="115,265,292,328" oya="2" hai0="92,91,126,15,0,54,35,93,13,34,134,107,131" hai1="132,125,117,60,56,65,85,94,8,40,75,80,3" hai2="16,109,74,64,38,12,98,82,120,18,57,62,68" hai3="96,26,110,115,97,124,81,116,130,90,19,27,39"/><V6/><F120/><W47/><G110/><T28/><D0/><U5/><E117/><V73/><F38/><W133/><G116/><T52/><D107/><U84/><E125/><V46/><F109/><W106/><G124/><T88/><D126/><U44/><E132/><V53/><F46/><W14/><G133/><T50/><D134/><U21/><E21/><V78/><F74/><W67/><G67/><T24/><D131/><U111/><E111/><V23/><F98/><W7/><G7/><T79/><D79/><N who="1" m="44159" /><E94/><V61/><F6/><W63/><G63/><T89/><D35/><U135/><E135/><V103/><F103/><W42/><G130/><T22/><D54/><U4/><E4/><V29/><F18/><W118/><G115/><T2/><D2/><U32/><E32/><V10/><REACH who="2" step="1"/><F29/><REACH who="2" ten="115,265,282,328" step="2"/><W128/><G128/><T72/><D72/><U31/><E31/><V25/><F25/><W51/><G39/><AGARI ba="0,1" hai="3,5,8,39,40,44,56,60,65,84,85" m="44159" machi="39" ten="30,1000,0" yaku="25,1" doraHai="11" who="1" fromWho="3" sc="115,0,265,20,282,0,328,-10" /><INIT seed="7,0,0,3,2,46" ten="115,285,282,318" oya="3" hai0="55,40,74,69,50,22,100,65,122,38,104,95,99" hai1="82,47,53,127,2,109,45,67,27,84,21,29,120" hai2="131,1,28,83,13,78,70,76,71,43,113,5,86" hai3="35,31,92,90,9,133,111,112,51,17,116,106,134"/><W132/><G106/><T130/><D122/><U126/><E120/><V3/><F113/><W101/><G116/><T41/><D74/><U20/><E109/><V98/><F131/><W93/><G112/><T12/><D130/><U15/><E2/><V77/><F28/><W63/><G111/><T56/><D38/><U23/><E67/><V115/><F115/><W32/><G31/><T103/><D69/><U26/><E15/><V39/><F98/><N who="3" m="59599" /><G63/><T11/><D65/><U4/><E4/><V7/><F13/><N who="3" m="7343" /><G51/><N who="0" m="30847" /><D104/><U72/><E72/><V60/><F60/><W6/><G6/><N who="2" m="2057" /><F39/><W125/><G125/><N who="1" m="47626" /><E53/><V89/><F43/><W62/><G62/><T81/><D11/><U121/><E121/><V128/><F128/><W34/><G34/><T57/><D100/><U119/><E119/><V80/><F86/><AGARI ba="0,0" hai="32,35,86,90,92,132,133,134" m="7343,59599" machi="86" ten="30,1500,0" yaku="20,1" doraHai="46" who="3" fromWho="2" sc="115,0,285,0,282,-15,318,15" owari="115,-38.0,285,9.0,267,-13.0,333,42.0" /></mjloggm>