<mjloggm ver="2.3"><GO type="169" lobby="0"/><UN n0="%E5%A4%A9%E9%BC%93" n1="%E3%81%AB%E3%82%83%E3%82%93%E3%81%93%EF%BC%A0%E5%85%88%E7%94%9F" n2="%E3%83%97%E3%83%A9%E3%83%81%E3%83%8A%E3%83%A0" n3="%E3%83%AA%E3%83%81%E3%83%A3%21%21" dan="18,16,16,17" rate="2232.07,2131.88,2158.76,2164.73" sx="M,M,M,M"/><TAIKYOKU oya="0"/><INIT seed="0,0,0,3,3,133" ten="250,250,250,250" oya="0" hai0="80,21,81,30,130,69,25,32,131,58,124,13,72" hai1="129,127,10,84,89,16,121,39,3,115,12,99,9" hai2="0,55,100,77,27,36,42,46,105,98,29,87,56" hai3="63,92,120,24,17,41,96,122,91,28,1,112,71"/><T47/><D69/><U125/><E121/><V60/><F0/><W64/><G112/><T43/><D58/><U116/><E39/><V11/><F11/><W83/><G1/><T90/><D72/><U48/><E116/><V18/><F18/><W50/><G17/><N who="0" m="10415" /><D90/><U119/><E119/><V45/><F45/><W67/><G67/><T14/><D14/><U51/><E115/><V128/><F128/><N who="0" m="49194" /><D124/><N who="1" m="47691" /><E129/><V61/><F61/><W117/><G117/><T123/><D123/><U86/><E99/><V68/><F68/><W93/><G120/><T97/><D97/><U106/><E106/><V126/><F126/><W134/><G122/><T49/><AGARI ba="0,0" hai="25,30,32,43,47,49,80,81" m="49194,10415" machi="49" ten="30,1500,0" yaku="19,1" doraHai="133" who="0" fromWho="0" sc="250,15,250,-5,250,-5,250,-5" /><INIT seed="0,1,0,5,3,52" ten="265,245,245,245" oya="0" hai0="9,83,0,60,130,6,39,103,38,15,70,21,113" hai1="13,95,101,46,7,135,74,120,62,73,69,121,93" hai2="19,127,78,20,27,85,33,123,25,125,109,126,82" hai3="40,94,87,99,76,84,22,110,81,23,100,31,1"/><T61/><D113/><U131/><E135/><V57/><F123/><W18/><G110/><T107/><D130/><U48/><E131/><V12/><F109/><W51/><G1/><T11/><D21/><U129/><E129/><V2/><F2/><W42/><G51/><T72/><D103/><U134/><E134/><V92/><F92/><W122/><G122/><T29/><D107/><U133/><E133/><V28/><F27/><W49/><G49/><T117/><D29/><U32/><E32/><V64/><REACH who="2" step="1"/><F127/><REACH who="2" ten="265,245,235,245" step="2"/><W104/><G104/><T67/><D117/><U59/><E95/><V124/><F124/><W37/><G94/><T47/><D47/><U17/><E121/><V112/><F112/><W71/><G81/><T54/><D83/><U43/><E120/><V98/><F98/><W8/><G99/><T91/><D72/><U119/><E74/><V10/><F10/><W5/><G8/><T79/><D79/><U26/><E73/><V105/><F105/><W128/><G76/><T115/><D115/><U55/><E26/><V116/><F116/><W80/><G128/><T63/><D91/><U106/><E106/><V75/><F75/><W16/><G80/><T96/><D96/><U66/><E119/><V102/><F102/><W97/><G100/><T118/><D118/><U4/><E101/><V114/><F114/><W58/><G97/><T30/><D9/><N who="1" m="6319" /><E93/><V53/><F53/><W44/><G44/><T34/><D54/><U24/><E24/><V56/><F56/><W88/><G58/><N who="0" m="37367" /><D0/><U86/><E86/><V77/><F77/><W50/><G84/><RYUUKYOKU ba="1,1" sc="265,-15,245,15,235,15,245,-15" hai1="4,7,43,46,48,55,59,62,66,69" hai2="12,19,20,25,28,33,57,64,78,82,85,125,126" /><INIT seed="1,2,1,0,0,40" ten="250,260,250,230" oya="1" hai0="60,3,117,14,64,11,21,128,32,116,4,85,76" hai1="99,96,130,124,71,123,24,111,105,113,129,92,67" hai2="56,31,103,42,27,20,121,19,109,18,82,15,70" hai3="5,61,79,118,54,55,44,73,77,131,120,112,23"/><U13/><E123/><V50/><F70/><W30/><G120/><T102/><D128/><N who="1" m="49259" /><E113/><V36/><F36/><W108/><G112/><T22/><D32/><U66/><E124/><V62/><F109/><W127/><G108/><T53/><D102/><N who="1" m="62687" /><E71/><V2/><F2/><W8/><G127/><T16/><D53/><U49/><E111/><V84/><F103/><W47/><G131/><T134/><D134/><U6/><E24/><V48/><F121/><W59/><G118/><T80/><REACH who="0" step="1"/><D21/><REACH who="0" ten="240,260,250,230" step="2"/><U39/><E6/><V94/><F42/><W98/><G55/><T81/><D81/><U135/><E135/><V91/><F82/><W9/><G5/><T86/><D86/><U69/><E67/><V68/><F20/><W63/><G73/><T88/><D88/><N who="1" m="55303" /><E66/><V87/><F87/><W10/><G98/><T25/><D25/><U107/><E69/><AGARI ba="2,2" hai="3,4,11,14,16,22,60,64,69,76,80,85,116,117" machi="69" ten="30,3900,0" yaku="1,1,7,1,54,1,53,0" doraHai="40" doraHaiUra="51" who="0" fromWho="1" sc="240,65,260,-45,250,0,230,0" /><INIT seed="2,0,0,5,1,86" ten="305,215,250,230" oya="2" hai0="80,57,88,1,132,111,40,22,117,18,69,12,20" hai1="106,128,14,51,66,28,62,119,31,118,135,87,95" hai2="127,96,15,89,56,102,25,50,8,36,121,24,23" hai3="29,27,3,4,33,112,7,61,10,55,38,9,47"/><V82/><F36/><W110/><G110/><T133/><D69/><U17/><E106/><V63/><F127/><W113/><G61/><T64/><D111/><U92/><E135/><N who="0" m="51785" /><D1/><U101/><E128/><V39/><F39/><W91/><G55/><T16/><D117/><U2/><E2/><V109/><F50/><W70/><G70/><T123/><D123/><U65/><E65/><V98/><F121/><W43/><REACH who="3" step="1"/><G91/><REACH who="3" ten="305,215,250,220" step="2"/><T120/><D120/><U60/><E60/><V21/><F109/><W84/><G84/><N who="0" m="50183" /><D40/><U129/><E119/><V97/><F89/><W53/><G53/><T124/><D124/><U35/><E118/><V41/><F41/><W67/><G67/><T130/><D130/><U75/><E66/><V83/><F63/><W81/><G81/><T49/><D64/><U45/><E129/><V72/><F83/><W99/><G99/><T30/><D30/><U11/><E31/><V13/><F82/><W59/><G59/><T74/><D74/><U19/><E28/><V107/><F56/><W5/><G5/><T79/><D79/><U103/><E75/><V90/><F72/><W131/><G131/><T85/><D85/><U100/><E87/><V52/><F97/><W44/><G44/><T134/><D134/><U125/><E125/><V108/><F98/><W114/><G114/><T68/><D68/><U32/><E62/><V26/><F108/><W46/><G46/><T71/><D71/><U34/><E45/><V78/><F78/><W126/><G126/><T105/><D57/><U48/><E51/><V122/><F122/><W104/><G104/><RYUUKYOKU ba="0,1" sc="305,-10,215,-10,250,-10,220,30" hai3="3,4,7,9,10,27,29,33,38,43,47,112,113" /><INIT seed="3,1,1,1,2,28" ten="295,205,240,250" oya="3" hai0="70,115,134,120,119,77,102,130,79,30,90,24,12" hai1="126,59,27,4,91,116,72,8,47,34,62,0,63" hai2="56,133,14,127,67,20,7,11,85,55,87,131,122" hai3="69,100,2,109,82,18,51,107,46,73,40,83,75"/><W74/><G69/><T52/><D119/><U50/><E63/><V61/><F131/><W37/><G2/><T118/><D118/><U95/><E72/><V86/><F127/><W108/><G18/><T22/><D120/><U58/><E126/><V19/><F133/><W89/><G37/><T81/><D70/><U99/><E116/><V123/><REACH who="2" step="1"/><F67/><REACH who="2" ten="295,205,230,250" step="2"/><W94/><G107/><T88/><D130/><U124/><E124/><V33/><F33/><W54/><G100/><T66/><D66/><U132/><E132/><V98/><F98/><W31/><G40/><T38/><D102/><U41/><REACH who="1" step="1"/><E62/><REACH who="1" ten="295,195,230,250" step="2"/><V84/><N who="2" m="22016" /><DORA hai="49" /><V43/><F43/><W103/><G74/><T111/><D134/><U25/><E25/><AGARI ba="1,3" hai="7,11,14,19,20,25,55,56,61,122,123" m="22016" machi="25" ten="50,6400,0" yaku="1,1,52,1,53,1" doraHai="28,49" doraHaiUra="76,21" who="2" fromWho="1" sc="295,0,195,-67,230,97,250,0" /><INIT seed="4,0,0,2,1,43" ten="295,128,327,250" oya="0" hai0="63,111,112,7,110,22,69,45,66,126,38,12,117" hai1="35,44,33,58,8,62,27,47,127,76,10,28,1" hai2="83,64,77,39,120,36,60,80,102,78,114,4,5" hai3="2,104,82,96,91,121,89,134,9,71,86,74,42"/><T21/><D117/><U52/><E127/><V48/><F114/><W6/><G71/><T119/><D119/><U118/><E118/><V115/><F115/><W97/><G134/><T125/><D112/><U49/><E1/><V55/><F102/><W88/><G121/><T54/><D7/><U101/><E35/><V30/><F30/><W123/><G123/><T46/><D38/><U59/><E76/><V24/><F24/><W129/><G129/><T93/><D54/><U132/><E132/><V87/><F120/><W105/><G74/><T14/><D93/><U108/><E108/><N who="0" m="41513" /><D14/><U113/><E113/><V61/><F64/><W16/><G42/><T135/><D135/><U20/><E101/><V107/><F107/><W40/><G40/><T128/><D128/><U94/><E94/><V98/><F98/><W72/><G72/><T85/><D85/><U106/><E106/><V41/><F41/><W17/><G105/><T95/><D95/><U23/><E33/><V11/><F55/><W31/><G104/><T57/><D57/><U13/><E20/><N who="0" m="7785" /><D12/><U0/><E0/><V73/><F48/><W99/><REACH who="3" step="1"/><G31/><REACH who="3" ten="295,128,327,240" step="2"/><T32/><D32/><U79/><E79/><AGARI ba="0,1" hai="2,6,9,16,17,79,82,86,88,89,91,96,97,99" machi="79" ten="40,8000,1" yaku="1,1,2,1,54,2,53,0" doraHai="43" doraHaiUra="25" who="3" fromWho="1" sc="295,0,128,-80,327,0,240,90" /><INIT seed="5,0,0,3,5,112" ten="295,48,327,330" oya="1" hai0="129,52,79,0,77,70,42,12,27,96,90,59,121" hai1="15,97,56,89,35,17,132,125,81,34,63,99,1" hai2="45,122,32,135,3,16,2,54,80,115,100,38,123" hai3="8,50,37,82,106,33,72,116,39,133,67,24,94"/><U18/><E1/><V25/><F135/><W61/><G106/><T98/><D0/><U9/><E132/><V128/><F100/><W113/><G133/><T105/><D70/><U11/><E125/><V4/><F54/><W46/><G113/><T93/><D129/><U57/><E81/><V28/><F115/><W76/><G8/><T109/><D109/><U110/><E110/><V65/><F128/><W117/><G94/><T74/><D121/><U48/><E48/><V111/><F111/><W92/><G92/><N who="0" m="56343" /><D105/><U73/><E73/><V78/><F65/><W127/><G127/><T29/><D42/><U120/><E120/><V66/><F66/><W19/><G33/><T64/><D64/><U14/><REACH who="1" step="1"/><E89/><REACH who="1" ten="295,38,327,330" step="2"/><V83/><F83/><W58/><G37/><T43/><D74/><U118/><E118/><V124/><F124/><W86/><G39/><T23/><D77/><U95/><E95/><V134/><F134/><W40/><REACH who="3" step="1"/><G72/><REACH who="3" ten="295,38,327,320" step="2"/><T10/><D93/><U21/><E21/><AGARI ba="0,2" hai="19,21,24,40,46,50,58,61,67,76,82,86,116,117" machi="21" ten="40,8000,1" yaku="1,1,2,1,52,2,53,1" doraHai="112" doraHaiUra="13" who="3" fromWho="1" sc="295,0,38,-80,327,0,320,100" owari="295,-10.0,-42,-54.0,327,13.0,420,51.0" /></mjloggm>