<mjloggm ver="2.3"><GO type="169" lobby="0"/><UN n0="%E3%82%86%E3%81%84%E3%81%A1%E3%82%83%E3%82%93%E3%81%AE%E3%83%91%E3%83%91" n1="%E3%81%B5%E3%81%BF%4B%55%4E" n2="%74%61%74%61%6B%75%79%61" n3="%E4%B8%8A%E6%9D%B1%E3%82%AD%E3%83%B3%E3%82%B0" dan="18,16,17,16" rate="2282.70,2089.12,2161.35,2052.22" sx="M,M,M,M"/><TAIKYOKU oya="0"/><INIT seed="0,0,0,2,0,80" ten="250,250,250,250" oya="0" hai0="63,7,40,108,135,22,49,6,116,103,54,32,125" hai1="74,105,1,95,51,79,14,9,112,53,64,33,94" hai2="83,30,70,39,52,121,132,78,2,15,18,43,85" hai3="131,124,76,58,59,120,55,20,72,50,93,110,57"/><T29/><D116/><U46/><E105/><V45/><F121/><W134/><G120/><T69/><D32/><U107/><E107/><V113/><F2/><W102/><G110/><T8/><D108/><U75/><E33/><V36/><F70/><W65/><G124/><T89/><D125/><U12/><E64/><V86/><F30/><W84/><G131/><T35/><D35/><U98/><E94/><V133/><F113/><W23/><G134/><N who="2" m="51817" /><F39/><W17/><G72/><T92/><D103/><U24/><E24/><V114/><F114/><W21/><G65/><T47/><D135/><U119/><E119/><V122/><F122/><W91/><G76/><T118/><D118/><U25/><E25/><V67/><F67/><W66/><G66/><T61/><D69/><U62/><E62/><N who="0" m="23561" /><D54/><U97/><E112/><V11/><F52/><W34/><G34/><T82/><D29/><U104/><E79/><V28/><F28/><W100/><REACH who="3" step="1"/><G17/><REACH who="3" ten="250,250,250,240" step="2"/><T56/><D6/><U5/><E75/><AGARI ba="0,1" hai="11,15,18,36,43,45,75,78,83,85,86" m="51817" machi="75" ten="30,3900,0" yaku="20,1,52,2" doraHai="80" who="2" fromWho="1" sc="250,0,250,-39,250,49,240,0" /><INIT seed="1,0,0,1,3,43" ten="250,211,299,240" oya="1" hai0="52,124,68,97,2,12,18,114,40,94,130,10,16" hai1="90,53,95,13,46,84,5,58,127,45,103,120,87" hai2="65,57,131,85,62,122,26,135,22,100,79,134,96" hai3="81,14,49,9,102,104,15,0,54,123,6,33,73"/><U109/><E120/><V28/><F122/><W88/><G33/><T55/><D114/><U56/><E127/><V50/><F131/><W63/><G123/><T80/><D130/><U42/><E42/><V106/><F79/><W11/><G63/><T61/><D124/><U1/><E1/><V17/><F85/><W60/><G60/><T51/><D2/><U48/><E103/><V41/><F41/><W115/><G115/><T92/><D80/><U91/><E109/><V113/><F113/><W119/><G119/><T129/><D129/><U24/><E24/><V3/><F3/><W99/><G9/><T112/><D112/><U7/><E58/><V126/><F126/><W70/><G70/><T89/><D18/><U105/><E105/><V111/><F111/><W78/><REACH who="3" step="1"/><G88/><REACH who="3" ten="250,211,299,230" step="2"/><N who="0" m="55431" /><D61/><U67/><E67/><V77/><F77/><W29/><G29/><T36/><D68/><U8/><REACH who="1" step="1"/><E7/><REACH who="1" ten="250,201,299,230" step="2"/><V133/><F134/><W128/><G128/><T37/><D37/><U38/><E38/><V107/><F133/><W118/><G118/><T35/><D36/><U31/><E31/><V117/><F28/><W71/><G71/><T27/><D35/><U74/><E74/><V34/><F135/><W4/><G4/><T125/><D125/><U25/><E25/><V76/><F117/><W30/><G30/><T101/><D27/><U108/><E108/><V72/><F34/><W75/><G75/><T20/><D101/><U32/><E32/><V121/><F121/><W44/><AGARI ba="0,2" hai="0,6,11,14,15,44,49,54,73,78,81,99,102,104" machi="44" ten="20,5200,0" yaku="1,1,0,1,7,1,52,1,53,0" doraHai="43" doraHaiUra="23" who="3" fromWho="3" sc="250,-13,201,-26,299,-13,230,72" /><INIT seed="2,0,0,1,0,1" ten="237,175,286,302" oya="2" hai0="18,7,73,101,74,27,103,132,75,86,117,82,89" hai1="59,121,119,63,60,83,55,4,95,53,69,13,58" hai2="81,108,0,114,47,35,87,70,127,112,68,96,30" hai3="40,118,8,37,49,45,104,133,24,80,100,92,41"/><V19/><F0/><W64/><G118/><T26/><D117/><U122/><E119/><V38/><F96/><W77/><G133/><T123/><D123/><U76/><E69/><V116/><F116/><W107/><G64/><T84/><D132/><U94/><E83/><V72/><F72/><W52/><G24/><T23/><D26/><U128/><E76/><V39/><F19/><W11/><G92/><T115/><D115/><U71/><E71/><V22/><F22/><W124/><G124/><T99/><D99/><U10/><REACH who="1" step="1"/><E128/><REACH who="1" ten="237,165,286,302" step="2"/><V32/><F70/><W44/><G80/><T65/><D82/><U14/><E14/><V88/><F68/><W85/><G77/><T2/><D2/><U102/><E102/><V25/><F127/><W120/><G100/><T109/><D101/><U131/><E131/><V9/><F114/><W125/><G125/><T113/><D113/><U66/><E66/><V17/><F112/><W93/><G120/><AGARI ba="0,1" hai="4,10,13,53,55,58,59,60,63,94,95,120,121,122" machi="120" ten="40,8000,1" yaku="1,1,9,1,13,1,52,1,53,0" doraHai="1" doraHaiUra="34" who="1" fromWho="3" sc="237,0,165,90,286,0,302,-80" /><INIT seed="3,0,0,1,5,61" ten="237,255,286,222" oya="3" hai0="57,38,120,43,78,85,123,21,110,33,12,18,109" hai1="40,50,129,10,45,7,108,42,118,125,99,93,32" hai2="48,91,8,68,103,51,113,134,95,94,39,14,47" hai3="1,81,72,132,3,11,130,79,26,82,6,53,19"/><W20/><G130/><T22/><D38/><U83/><E32/><V5/><F68/><W84/><G132/><T63/><D33/><U80/><E129/><V90/><F113/><W126/><G126/><T58/><D43/><U56/><E118/><V114/><F134/><W104/><G104/><T59/><D63/><U64/><E108/><N who="0" m="41577" /><D22/><U15/><E42/><V97/><F114/><W44/><G44/><T96/><D96/><U88/><E125/><V106/><F39/><W30/><G53/><T62/><D62/><AGARI ba="0,0" hai="7,10,15,40,45,50,56,62,64,80,83,88,93,99" machi="62" ten="40,5200,0" yaku="8,1,52,1,54,1" doraHai="61" who="1" fromWho="0" sc="237,-52,255,52,286,0,222,0" /><INIT seed="4,0,0,1,5,49" ten="185,307,286,222" oya="0" hai0="108,133,121,110,44,101,69,3,37,127,93,65,90" hai1="94,30,102,40,53,128,66,125,96,19,97,116,131" hai2="91,68,43,135,24,130,2,104,20,106,100,72,111" hai3="126,29,77,32,73,9,123,13,85,41,88,45,11"/><T67/><D121/><U57/><E116/><V120/><F43/><W1/><G126/><T36/><D3/><U76/><E125/><V92/><F20/><W107/><G123/><T84/><D127/><U119/><E119/><V34/><F24/><W56/><G107/><T98/><D133/><U23/><E76/><V4/><F4/><W74/><G1/><T78/><D78/><U25/><E40/><V50/><F50/><W60/><G77/><T28/><D28/><U42/><E42/><V16/><F16/><W79/><G79/><T95/><D44/><U83/><E83/><V99/><F34/><W14/><G32/><T0/><D0/><U71/><E71/><V114/><F68/><W113/><G29/><T31/><D31/><U80/><E80/><V129/><F2/><W47/><G113/><T48/><D48/><U55/><E96/><N who="2" m="57375" /><F120/><W12/><G74/><T112/><D112/><U35/><E35/><V132/><F72/><W124/><G73/><T61/><REACH who="0" step="1"/><D67/><REACH who="0" ten="175,307,286,222" step="2"/><U122/><E122/><V59/><F114/><W62/><G124/><T87/><D87/><U58/><E66/><V109/><F132/><W115/><G115/><T103/><D103/><U39/><E30/><V27/><F135/><W33/><G45/><T86/><D86/><U6/><E102/><V5/><F100/><W22/><G47/><T117/><D117/><U15/><E128/><V26/><F130/><W75/><G75/><T82/><D82/><U17/><E131/><V81/><F81/><W105/><G85/><T10/><D10/><U7/><E39/><AGARI ba="0,1" hai="36,37,39,61,65,69,84,90,93,95,98,101,108,110" machi="39" ten="40,3900,0" yaku="1,1,53,1" doraHai="49" doraHaiUra="64" who="0" fromWho="1" sc="175,49,307,-39,286,0,222,0" /><INIT seed="4,1,0,1,3,20" ten="224,268,286,222" oya="0" hai0="40,128,48,106,135,89,47,5,32,102,108,41,38" hai1="111,120,14,16,2,51,97,80,54,28,86,76,13" hai2="61,58,26,96,42,112,103,6,126,130,124,85,57" hai3="67,116,64,118,132,24,69,134,56,21,110,81,10"/><T4/><D128/><U115/><E111/><V35/><F112/><W23/><G56/><T1/><D108/><U37/><E2/><V117/><F130/><W75/><G10/><T121/><D121/><U12/><E37/><V131/><F131/><W77/><G110/><T101/><D135/><N who="3" m="51753" /><G21/><T72/><D72/><U65/><E65/><N who="3" m="25162" /><G69/><T99/><D32/><U66/><E66/><V123/><F117/><W33/><G33/><T109/><D109/><U70/><E70/><V95/><F6/><W78/><G78/><T83/><D1/><U52/><E115/><V27/><F123/><W74/><G74/><T9/><D9/><U90/><E120/><V34/><F42/><W31/><AGARI ba="1,0" hai="23,24,31,75,77,81,116,118" m="25162,51753" machi="31" ten="30,2000,0" yaku="20,1,52,1" doraHai="20" who="3" fromWho="3" sc="224,-11,268,-6,286,-6,222,23" /><INIT seed="5,0,0,1,1,108" ten="213,262,280,245" oya="1" hai0="81,15,121,17,59,41,61,113,95,100,14,19,29" hai1="71,96,26,22,80,117,131,48,97,60,8,118,110" hai2="38,84,39,44,42,68,73,30,85,124,103,5,105" hai3="4,114,36,111,130,75,90,66,125,64,83,18,122"/><U43/><E131/><V128/><F30/><W3/><G122/><T51/><D121/><U98/><E110/><V86/><F73/><W62/><G111/><T88/><D29/><U132/><E132/><V32/><F128/><W78/><G130/><T12/><D100/><U40/><E8/><V104/><F68/><W87/><G125/><T126/><D81/><U25/><E80/><V79/><F79/><W37/><G114/><T31/><D31/><U16/><E26/><V119/><F32/><W34/><G34/><T112/><D126/><U99/><N who="1" m="24576" /><DORA hai="69" /><U55/><E71/><V77/><F103/><W133/><G133/><T10/><D51/><U94/><E94/><V6/><F119/><W82/><G18/><T49/><D49/><U120/><E120/><V58/><F77/><W28/><G28/><T123/><D41/><U20/><E20/><V23/><F23/><W102/><G102/><T50/><D50/><U106/><E106/><V33/><F33/><W127/><G127/><T72/><D72/><U56/><REACH who="1" step="1"/><E60/><REACH who="1" ten="213,252,280,245" step="2"/><V67/><F105/><W63/><G63/><T134/><D134/><U35/><E35/><V54/><F124/><W135/><G135/><T70/><D70/><U93/><E93/><V115/><F104/><W45/><G62/><T47/><D123/><U116/><AGARI ba="0,1" hai="16,22,25,40,43,48,55,56,116,117,118" m="24576" machi="116" ten="50,12000,1" yaku="1,1,0,1,54,1,53,1" doraHai="108,69" doraHaiUra="9,21" who="1" fromWho="1" sc="213,-40,252,130,280,-40,245,-40" /><INIT seed="5,1,0,4,4,73" ten="173,382,240,205" oya="1" hai0="88,118,54,32,53,119,0,128,101,59,33,45,91" hai1="135,116,104,66,125,129,90,13,102,56,84,12,123" hai2="10,71,31,77,24,134,38,92,17,57,130,58,113" hai3="68,65,74,23,70,95,22,20,28,82,72,62,109"/><U5/><E116/><V132/><F71/><W29/><G109/><T55/><D0/><U40/><E123/><V97/><F38/><W64/><G95/><T61/><D101/><U81/><E129/><V49/><F130/><W124/><G124/><T26/><D128/><U86/><E135/><N who="2" m="51755" /><F49/><W42/><G42/><T114/><D114/><U21/><E125/><V105/><F105/><W127/><G127/><T25/><D59/><U48/><E5/><V76/><F113/><W108/><G108/><T106/><D106/><U93/><E102/><N who="2" m="60711" /><F17/><W133/><G133/><T19/><D19/><U131/><E104/><V47/><F10/><W85/><G85/><T87/><D87/><U2/><E131/><V126/><F47/><W18/><G18/><T16/><D16/><U30/><E40/><V75/><F75/><W110/><G110/><T41/><D41/><U78/><E48/><V1/><F1/><W122/><G122/><T3/><D3/><U111/><E2/><V35/><F126/><W120/><G120/><T83/><D45/><U98/><E111/><V15/><F15/><W14/><G14/><T67/><D118/><U63/><E98/><V6/><F6/><W80/><G20/><T44/><D44/><U51/><E51/><V34/><F35/><N who="0" m="13386" /><D119/><U100/><E100/><V46/><F46/><W4/><G4/><T69/><D91/><U99/><E99/><V121/><F121/><W7/><G7/><T115/><D115/><U107/><E107/><V103/><F103/><W9/><G9/><T112/><D112/><U50/><E50/><V27/><F27/><AGARI ba="1,0" hai="12,13,21,27,30,56,63,66,78,81,84,86,90,93" machi="27" ten="40,7700,0" yaku="6,1,8,1,52,1" doraHai="73" who="1" fromWho="2" sc="173,0,382,80,240,-80,205,0" /><INIT seed="5,2,0,2,5,33" ten="173,462,160,205" oya="1" hai0="131,16,45,123,24,7,43,124,88,135,83,90,58" hai1="106,72,103,4,96,2,70,54,68,9,116,40,56" hai2="102,11,14,37,15,126,69,121,26,62,130,112,85" hai3="127,105,101,31,20,67,104,74,29,28,82,38,129"/><U125/><E116/><V59/><F121/><W39/><G129/><T30/><D131/><U27/><E125/><V6/><F69/><W118/><G127/><T87/><D124/><U78/><E40/><V23/><F126/><W73/><G118/><T51/><D123/><U50/><E72/><V18/><F37/><W97/><G104/><T60/><D135/><U34/><E78/><V134/><F134/><W71/><G20/><N who="0" m="13319" /><D7/><U66/><E66/><V3/><F112/><W64/><G64/><N who="0" m="38935" /><D30/><U0/><E34/><V25/><F130/><W95/><G105/><T133/><D133/><U32/><REACH who="1" step="1"/><E0/><REACH who="1" ten="173,452,160,205" step="2"/><V84/><F102/><W80/><G74/><T36/><D36/><U10/><E10/><V98/><F98/><W49/><G73/><T113/><D113/><U100/><E100/><V53/><F3/><W63/><G39/><T42/><D43/><U79/><E79/><AGARI ba="2,1" hai="42,45,51,79,83,87,88,90" m="38935,13319" machi="79" ten="30,3900,0" yaku="8,1,54,2" doraHai="33" who="0" fromWho="1" sc="173,55,452,-45,160,0,205,0" /><INIT seed="6,0,0,4,2,71" ten="228,407,160,205" oya="2" hai0="102,7,85,51,22,84,13,92,111,122,5,101,55" hai1="123,6,88,115,64,121,25,14,40,37,49,91,95" hai2="127,79,43,119,120,114,4,27,36,35,103,34,132" hai3="72,112,126,106,28,97,62,130,38,94,113,104,45"/><V61/><F119/><W99/><G130/><T16/><D111/><U3/><E115/><N who="3" m="44106" /><G126/><T39/><D39/><U89/><E49/><V74/><F114/><W24/><G72/><T93/><D93/><U9/><E64/><V42/><F120/><N who="1" m="46153" /><E25/><V54/><F103/><N who="0" m="39434" /><D122/><U135/><E135/><V80/><F127/><W75/><G75/><T109/><D109/><U32/><E32/><V0/><F132/><W15/><G15/><T67/><D67/><U48/><E48/><V78/><F78/><W11/><G11/><T21/><D21/><U129/><E129/><V73/><F42/><N who="3" m="22743" /><G62/><T60/><D60/><U33/><E33/><N who="2" m="12299" /><F27/><W117/><G117/><T26/><D26/><U81/><E81/><N who="2" m="45303" /><F73/><W68/><G68/><T125/><D125/><U107/><E14/><V69/><F80/><W53/><G53/><T70/><D70/><U133/><E133/><V105/><F105/><N who="3" m="40555" /><G94/><T96/><D92/><U128/><E107/><V134/><F134/><W20/><AGARI ba="0,0" hai="20,24,28,97,99" m="40555,22743,44106" machi="20" ten="30,4000,0" yaku="15,1,11,1,52,1" doraHai="71" who="3" fromWho="3" sc="228,-10,407,-10,160,-20,205,40" /><INIT seed="7,0,0,2,3,76" ten="218,397,140,245" oya="3" hai0="78,15,135,71,126,130,116,11,70,30,37,108,32" hai1="87,58,24,107,55,0,128,83,2,124,69,41,12" hai2="118,63,97,102,81,3,5,43,6,74,47,117,18" hai3="111,54,129,25,105,75,50,42,60,46,49,26,131"/><W8/><G111/><T92/><D108/><U91/><E107/><V104/><F63/><W40/><G105/><T114/><D116/><U79/><E69/><V98/><F18/><W53/><G75/><T35/><D37/><U7/><E124/><V90/><F6/><W13/><G60/><T73/><D126/><U115/><E128/><V33/><F33/><W45/><G13/><T34/><D130/><U109/><E91/><V1/><F98/><W127/><G8/><T125/><D30/><U101/><E41/><V106/><F106/><W113/><REACH who="3" step="1"/><G127/><REACH who="3" ten="218,397,140,235" step="2"/><T85/><D73/><U17/><E2/><V39/><F1/><W89/><G89/><T93/><D125/><U29/><E109/><V96/><F96/><W23/><G23/><T64/><D34/><U103/><E0/><V56/><F56/><W61/><G61/><T44/><D35/><U112/><E112/><AGARI ba="0,1" hai="25,26,40,42,45,46,49,50,53,54,112,113,129,131" machi="112" ten="25,12000,1" yaku="1,1,22,2,53,2" doraHai="76" doraHaiUra="22" who="3" fromWho="1" sc="218,0,397,-120,140,0,235,130" owari="218,-18.0,277,8.0,140,-36.0,365,46.0" /></mjloggm>