<mjloggm ver="2.3"><GO type="169" lobby="0"/><UN n0="%E6%B9%8A%E6%96%97%E3%81%8B%E3%81%92%E3%81%82%E3%81%8D" n1="%E5%B9%BB%E9%9C%8A" n2="%E3%82%89%E3%81%84%E3%81%B5%E3%81%8C%E3%83%BC%E3%81%A9%E3%81%99%E3%81%8D" n3="%E3%82%B5%E3%83%A9%E3%83%90%21" dan="16,16,16,16" rate="2084.20,2152.57,2076.56,2102.85" sx="M,F,F,M"/><TAIKYOKU oya="0"/><INIT seed="0,0,0,4,2,83" ten="250,250,250,250" oya="0" hai0="25,85,59,63,11,117,109,77,106,121,128,24,127" hai1="134,68,96,105,16,131,70,26,119,80,93,27,132" hai2="101,3,17,90,51,78,116,29,91,20,7,15,19" hai3="130,41,61,56,95,89,115,82,100,33,31,118,4"/><T58/><D117/><U55/><E119/><V123/><F116/><W75/><G118/><RYUUKYOKU type="kaze4" ba="0,0" sc="250,0,250,0,250,0,250,0" /><INIT seed="0,1,0,2,4,20" ten="250,250,250,250" oya="0" hai0="35,126,110,85,19,14,86,5,95,7,67,104,88" hai1="36,59,55,130,38,46,43,26,78,6,41,64,127" hai2="106,8,90,105,53,116,120,68,94,3,76,89,17" hai3="75,27,61,45,115,21,100,97,133,50,81,28,92"/><T77/><D104/><U119/><E78/><V63/><F120/><W128/><G133/><T10/><D35/><U131/><E6/><V99/><F116/><W109/><G109/><T13/><D110/><U69/><E26/><V102/><F76/><W22/><G128/><N who="1" m="49194" /><E119/><V117/><F117/><W60/><G115/><T56/><D126/><U98/><E98/><V73/><F73/><W121/><G121/><T132/><D132/><U12/><E12/><V48/><F90/><W112/><G112/><T101/><D101/><U129/><N who="1" m="49202" /><U33/><DORA hai="57" /><E33/><V70/><F70/><W11/><G11/><T66/><D13/><U83/><E83/><V32/><F32/><W107/><G107/><T113/><D113/><U40/><E127/><V37/><F37/><N who="1" m="14441" /><E69/><V108/><F106/><W103/><G103/><T134/><D134/><U2/><E2/><V87/><F68/><W123/><G123/><T84/><D77/><U18/><E18/><V15/><F3/><W79/><G21/><T122/><D122/><U42/><E64/><V91/><F91/><W16/><G28/><T124/><D124/><U118/><E118/><V72/><F72/><W25/><G25/><T39/><D67/><U24/><E24/><V65/><F65/><W114/><G114/><T4/><D39/><N who="1" m="21791" /><E41/><AGARI ba="1,0" hai="16,22,27,41,45,50,60,61,75,79,81,92,97,100" machi="41" ten="30,8000,1" yaku="7,1,52,3,54,1" doraHai="20,57" who="3" fromWho="1" sc="250,0,250,-83,250,0,250,83" /><INIT seed="1,0,0,0,5,33" ten="250,167,250,333" oya="1" hai0="99,123,54,118,20,85,71,60,70,88,100,40,90" hai1="1,79,14,45,58,28,98,51,117,34,133,36,10" hai2="78,38,47,93,23,120,127,11,94,24,0,42,7" hai3="44,87,132,16,80,131,110,86,89,101,67,9,77"/><U84/><E117/><V69/><F120/><W62/><G110/><T35/><D35/><U97/><E97/><V124/><F69/><W108/><G108/><T55/><D118/><U52/><E133/><V15/><F78/><W114/><G114/><T72/><D72/><U29/><E34/><V134/><F134/><W116/><G132/><T17/><D40/><U31/><E98/><V49/><F38/><W48/><G131/><T95/><D90/><U92/><E1/><V13/><F94/><W103/><G116/><T30/><D30/><U32/><E32/><V68/><F68/><W102/><G9/><T61/><D123/><U122/><E122/><V64/><F93/><W12/><G12/><T25/><D70/><U63/><E36/><V2/><F64/><W91/><G16/><T112/><D112/><U66/><E92/><V126/><F15/><W109/><G109/><T5/><D5/><U119/><E119/><V65/><F65/><W50/><G87/><T27/><D27/><U56/><E84/><V111/><F111/><W115/><G115/><T106/><REACH who="0" step="1"/><D71/><REACH who="0" ten="240,167,250,333" step="2"/><U73/><E73/><V83/><F83/><W75/><G75/><T107/><D107/><U19/><REACH who="1" step="1"/><E79/><REACH who="1" ten="240,157,250,333" step="2"/><V59/><F127/><W82/><G77/><T41/><D41/><U18/><E18/><N who="2" m="12407" /><F126/><W135/><G135/><T74/><D74/><U104/><E104/><V37/><F124/><W57/><G82/><T22/><D22/><U125/><E125/><V46/><F37/><W121/><G121/><T129/><D129/><U113/><E113/><V8/><F7/><W105/><G105/><RYUUKYOKU ba="0,2" sc="240,15,157,15,250,-15,333,-15" hai0="17,20,25,54,55,60,61,85,88,95,99,100,106" hai1="10,14,19,28,29,31,45,51,52,56,58,63,66" /><INIT seed="1,1,2,1,3,34" ten="255,172,235,318" oya="1" hai0="59,1,13,92,54,99,110,97,37,38,6,41,102" hai1="87,31,83,39,72,74,133,78,21,8,134,61,120" hai2="16,80,116,64,52,20,126,43,132,121,123,98,119" hai3="67,0,66,44,95,109,129,65,30,24,104,73,33"/><U23/><E120/><N who="2" m="46155" /><F80/><W84/><G104/><T76/><D110/><U107/><E107/><V70/><F98/><W93/><G73/><T32/><D32/><U117/><E117/><V62/><F20/><N who="1" m="7753" /><E39/><V58/><F16/><W77/><G109/><T122/><D41/><U49/><E31/><V131/><F132/><N who="1" m="50793" /><E8/><V79/><F79/><W127/><G127/><T14/><D76/><U88/><E78/><V103/><F103/><W3/><G129/><T35/><D122/><U55/><E61/><N who="2" m="40207" /><F131/><W115/><G115/><T48/><D102/><U90/><E90/><V86/><F86/><W106/><G106/><T51/><D97/><U57/><AGARI ba="1,2" hai="49,55,57,72,74,83,87,88" m="50793,7753" machi="57" ten="30,3000,0" yaku="20,1,54,1" doraHai="34" who="1" fromWho="1" sc="255,-11,172,53,235,-11,318,-11" /><INIT seed="1,2,0,4,3,40" ten="244,225,224,307" oya="1" hai0="55,53,48,5,121,75,42,94,12,51,107,50,118" hai1="0,103,108,57,97,24,11,90,80,45,29,3,117" hai2="122,47,8,124,131,95,62,49,13,63,69,84,125" hai3="27,64,30,91,31,128,20,16,39,44,114,133,35"/><U34/><E117/><V37/><F37/><W129/><G114/><T83/><D107/><U99/><E108/><V104/><F104/><W73/><G73/><T82/><D118/><U1/><E57/><V28/><F131/><N who="3" m="50251" /><G133/><T132/><D132/><U25/><E25/><V15/><F28/><W2/><G2/><T14/><D42/><U68/><E68/><V115/><F122/><W78/><G78/><T59/><D75/><U32/><E32/><V54/><F115/><W89/><G64/><T36/><D36/><U66/><E66/><V101/><F15/><N who="3" m="9247" /><G30/><T130/><D130/><U7/><E45/><V135/><F69/><W105/><G105/><T33/><D121/><U111/><E111/><V112/><F112/><W60/><G60/><T92/><D59/><U61/><E61/><V17/><F135/><W22/><G35/><T21/><D12/><U26/><E26/><V120/><F120/><W65/><G65/><T116/><D14/><U38/><E3/><V102/><F62/><W10/><G10/><T87/><D33/><U109/><E1/><V43/><F63/><W9/><G9/><T58/><D116/><U52/><E109/><V96/><F8/><W98/><G98/><T19/><D58/><U86/><E99/><V76/><F96/><W81/><G81/><T134/><D83/><U85/><E85/><V6/><F84/><W23/><G23/><T79/><D134/><U93/><E38/><V67/><F67/><W113/><G113/><T127/><D87/><U100/><E100/><V110/><F102/><W4/><G4/><T126/><D5/><RYUUKYOKU ba="2,0" sc="244,-15,225,15,224,-15,307,15" hai1="0,7,11,24,29,34,52,80,86,90,93,97,103" hai3="22,27,31,39,44,89,91" /><INIT seed="1,3,0,0,1,132" ten="229,240,209,322" oya="1" hai0="5,47,118,67,106,76,110,131,103,66,18,59,83" hai1="129,104,98,28,12,95,135,33,91,32,63,105,38" hai2="62,30,41,130,87,71,48,54,113,6,93,107,34" hai3="50,117,89,68,134,13,82,11,100,119,31,111,114"/><U64/><E135/><V124/><F107/><W24/><G114/><T133/><D133/><U123/><E123/><V8/><F113/><W2/><G134/><T88/><D110/><U74/><E38/><V51/><F130/><W49/><G111/><T52/><D118/><U121/><E121/><V75/><F75/><W7/><G68/><T115/><D115/><U22/><E74/><V3/><F41/><W19/><G100/><T97/><D131/><U99/><E129/><V73/><F73/><W35/><G89/><T53/><D5/><U16/><E98/><V65/><F30/><W56/><G82/><T55/><D47/><U126/><E126/><V127/><F34/><W108/><G108/><T92/><D18/><U102/><E28/><V21/><F21/><N who="3" m="11503" /><G56/><T84/><REACH who="0" step="1"/><D59/><REACH who="0" ten="219,240,209,322" step="2"/><U0/><E0/><V23/><F3/><W86/><G119/><T69/><D69/><U20/><E16/><V44/><F6/><W10/><G117/><T25/><D25/><U57/><E12/><V17/><F17/><W94/><G11/><T61/><D61/><U9/><E9/><V90/><F8/><W85/><G10/><T116/><D116/><U4/><E4/><V37/><F71/><W96/><G7/><T122/><D122/><U14/><E14/><V112/><F112/><W125/><G2/><T15/><D15/><U128/><E128/><V120/><F120/><W80/><G24/><T42/><D42/><U77/><E57/><V109/><F109/><W29/><G35/><T1/><D1/><U27/><E33/><V36/><F62/><W45/><G45/><RYUUKYOKU ba="3,1" sc="219,30,240,-10,209,-10,322,-10" hai0="52,53,55,66,67,76,83,84,88,92,97,103,106" /><INIT seed="2,4,1,2,3,73" ten="249,230,199,312" oya="2" hai0="19,48,120,110,118,71,39,131,36,116,58,15,122" hai1="93,107,105,14,4,43,80,59,17,34,24,99,121" hai2="20,51,74,112,103,52,11,76,89,1,22,32,109" hai3="41,25,55,87,9,85,82,2,130,0,83,81,38"/><V79/><F74/><W75/><G75/><T123/><D71/><U21/><E121/><V125/><F32/><W42/><G130/><T16/><D131/><U40/><E80/><V3/><F112/><W101/><G101/><T46/><D110/><U10/><E34/><V28/><F109/><W129/><G129/><T95/><D58/><U108/><E108/><V69/><F69/><W45/><G42/><N who="0" m="24663" /><D95/><U111/><E111/><V12/><F125/><W66/><G66/><T60/><D60/><U134/><E134/><V44/><F103/><W97/><G97/><T126/><D126/><U119/><E119/><N who="0" m="45609" /><D19/><U94/><E94/><V56/><F3/><W62/><G25/><T49/><D49/><U63/><E105/><V88/><F1/><W77/><G82/><T61/><D61/><U67/><E107/><V104/><F104/><W68/><G55/><T30/><D30/><U57/><REACH who="1" step="1"/><E59/><REACH who="1" ten="249,220,199,312" step="2"/><V7/><F56/><W70/><G70/><T8/><AGARI ba="4,2" hai="8,15,16,36,39,120,122,123" m="45609,24663" machi="8" ten="40,2700,0" yaku="12,1,54,1" doraHai="73" who="0" fromWho="0" sc="249,59,220,-11,199,-17,312,-11" /><INIT seed="3,0,0,3,5,20" ten="308,209,182,301" oya="3" hai0="127,113,120,21,86,49,14,17,23,55,109,12,119" hai1="110,28,92,121,128,135,87,99,15,48,4,97,101" hai2="25,16,73,42,22,41,30,117,125,71,75,43,93" hai3="81,19,57,5,104,115,80,74,33,66,77,39,122"/><W8/><G122/><T45/><D120/><U105/><E121/><V69/><F117/><W0/><G115/><T108/><D119/><U64/><E110/><N who="0" m="42601" /><D113/><U134/><E28/><V3/><F3/><W44/><G104/><T29/><D86/><U13/><E64/><V102/><F125/><W129/><G129/><T124/><D12/><U89/><E128/><V106/><F106/><W51/><G33/><T82/><D82/><U98/><E48/><V11/><F11/><W61/><G80/><T1/><D1/><U130/><E130/><V40/><N who="2" m="10240" /><DORA hai="68" /><V62/><F30/><W53/><REACH who="3" step="1"/><G19/><REACH who="3" ten="308,209,182,291" step="2"/><T112/><D112/><U38/><E105/><V132/><F16/><W88/><G88/><T52/><D127/><U133/><E101/><V94/><F102/><W78/><G78/><T114/><D124/><U83/><E83/><V10/><F75/><W91/><G91/><T123/><D114/><U118/><E118/><V96/><F73/><W24/><G24/><N who="0" m="16527" /><D123/><U6/><E135/><V70/><F132/><W63/><G63/><T54/><AGARI ba="0,1" hai="14,17,23,45,49,52,54,55" m="16527,42601" machi="54" ten="30,4000,0" yaku="14,1,52,1,54,1" doraHai="20,68" who="0" fromWho="0" sc="308,50,209,-10,182,-10,291,-20" /><INIT seed="4,0,0,3,2,31" ten="358,199,172,271" oya="0" hai0="131,117,93,125,129,20,100,28,75,120,109,70,3" hai1="58,76,10,69,110,2,123,115,5,108,46,98,29" hai2="132,45,50,11,80,38,40,12,90,26,96,118,122" hai3="6,77,71,14,102,99,104,24,112,21,87,67,95"/><T114/><RYUUKYOKU type="yao9" ba="0,0" sc="358,0,199,0,172,0,271,0" hai0="3,20,28,70,75,93,100,109,114,117,120,125,129,131" /><INIT seed="4,1,0,5,3,66" ten="358,199,172,271" oya="0" hai0="2,37,128,94,23,123,124,3,74,63,6,106,103" hai1="34,69,4,121,90,130,84,95,120,81,122,85,75" hai2="110,96,107,48,21,62,39,89,51,119,92,77,93" hai3="30,60,57,99,80,45,33,78,32,64,88,28,102"/><T111/><D123/><U0/><E34/><V61/><F110/><W11/><G33/><T12/><D106/><U54/><E54/><V36/><F107/><W35/><G35/><T105/><D105/><U10/><E130/><V87/><F119/><W100/><G11/><T50/><D37/><U46/><E46/><V17/><F77/><W20/><G32/><T44/><D74/><U67/><E75/><V31/><F31/><W8/><G8/><T24/><D124/><U43/><E43/><V113/><F113/><W5/><G5/><T58/><D128/><U70/><REACH who="1" step="1"/><E67/><REACH who="1" ten="358,189,172,271" step="2"/><V108/><F108/><W65/><G45/><T118/><D111/><U127/><E127/><V76/><F39/><W79/><G64/><T129/><D129/><U53/><E53/><V25/><F36/><W116/><G65/><T1/><D44/><U101/><E101/><N who="2" m="60551" /><F76/><AGARI ba="1,1" hai="0,4,10,69,70,76,81,84,85,90,95,120,121,122" machi="76" ten="40,8000,1" yaku="1,1,52,2,53,1" doraHai="66" doraHaiUra="72" who="1" fromWho="2" sc="358,0,189,93,172,-83,271,0" /><INIT seed="5,0,0,4,0,6" ten="358,282,89,271" oya="1" hai0="10,92,99,88,33,52,17,73,116,42,63,132,107" hai1="29,87,127,70,0,50,47,118,9,82,76,125,16" hai2="83,27,13,40,66,114,81,26,71,91,97,110,69" hai3="35,41,58,60,109,121,111,22,100,129,124,101,67"/><U12/><E70/><V59/><F114/><W105/><G35/><T120/><D116/><U108/><E118/><V18/><F110/><W56/><G121/><T126/><D120/><U24/><E108/><V45/><F71/><W79/><G124/><T14/><D33/><U122/><E122/><V117/><F117/><W135/><G129/><T25/><D126/><N who="1" m="48139" /><E0/><V112/><F69/><W19/><G135/><T75/><D132/><U68/><E68/><V94/><F112/><W31/><G31/><T106/><D42/><N who="1" m="24951" /><E29/><V3/><F3/><W95/><G105/><T93/><D93/><U113/><E113/><V64/><F27/><AGARI ba="0,0" hai="9,12,16,24,27,76,82,87" m="24951,48139" machi="27" ten="30,5800,0" yaku="18,1,52,1,54,1" doraHai="6" who="1" fromWho="2" sc="358,0,282,58,89,-58,271,0" /><INIT seed="5,1,0,4,0,46" ten="358,340,31,271" oya="1" hai0="11,106,55,127,0,126,32,3,80,74,99,54,31" hai1="27,91,10,12,18,63,125,14,122,57,94,26,24" hai2="45,9,51,2,35,98,124,133,50,48,84,21,79" hai3="109,95,108,75,129,117,119,118,102,1,56,87,68"/><U30/><E122/><V78/><F124/><N who="0" m="47658" /><D32/><U6/><E125/><V33/><F133/><W15/><G68/><T77/><D31/><U17/><E30/><V69/><F69/><W135/><G1/><N who="0" m="587" /><D11/><U83/><E83/><V23/><F45/><W49/><G135/><T86/><D86/><N who="1" m="52599" /><E14/><V64/><F64/><AGARI ba="1,0" hai="6,10,12,17,18,24,26,27,57,63,64" m="52599" machi="64" ten="30,1500,0" yaku="8,1" doraHai="46" who="1" fromWho="2" sc="358,0,340,18,31,-18,271,0" /><INIT seed="5,2,0,5,4,66" ten="358,358,13,271" oya="1" hai0="32,83,107,125,73,0,16,34,27,117,39,118,77" hai1="29,67,57,46,10,123,60,41,82,70,93,48,43" hai2="45,80,44,11,98,99,31,2,101,84,56,131,113" hai3="94,108,129,33,76,49,109,92,75,59,105,4,54"/><U14/><E123/><V64/><F131/><W97/><G129/><T86/><D0/><U119/><E119/><V18/><F113/><W68/><G33/><T78/><D39/><U69/><E29/><V110/><F110/><W42/><G105/><T23/><D125/><U89/><E82/><V9/><F31/><W133/><G133/><T30/><D107/><U21/><E21/><V79/><F2/><W71/><G42/><T87/><D34/><U135/><E43/><V28/><F28/><W19/><G4/><T1/><D1/><U112/><E112/><V81/><F81/><W55/><G19/><T116/><REACH who="0" step="1"/><D77/><REACH who="0" ten="348,358,13,271" step="2"/><U3/><E3/><V13/><F9/><W114/><G114/><T22/><D22/><U134/><E134/><V124/><F124/><W52/><G76/><T122/><D122/><U15/><E135/><V90/><F79/><W37/><G37/><T104/><D104/><U62/><E10/><V40/><F101/><W24/><G108/><T85/><D85/><U106/><E106/><V53/><F64/><W63/><G109/><T102/><D102/><U8/><E8/><V74/><F74/><W91/><G75/><T47/><D47/><N who="2" m="17994" /><F40/><W115/><G115/><T35/><D35/><U26/><E41/><V96/><F96/><W58/><G54/><T132/><D132/><U12/><E46/><V25/><F25/><AGARI ba="2,1" hai="16,23,25,27,30,32,73,78,83,86,87,116,117,118" machi="25" ten="40,2600,0" yaku="1,1,54,1,53,0" doraHai="66" doraHaiUra="61" who="0" fromWho="2" sc="348,42,358,0,13,-32,271,0" owari="390,49.0,358,16.0,-19,-52.0,271,-13.0" /></mjloggm>