<mjloggm ver="2.3"><GO type="169" lobby="0"/><UN n0="%E3%83%A8%E3%82%B3%E3%83%85%E3%83%8A" n1="%43%6F%43%6F%4E%61%6E" n2="%E7%88%86%E5%BC%BE%E4%BA%94%E9%83%8E%EF%BC%92" n3="%E3%88%B2%E5%A4%A7%E5%8D%9A%E6%89%93" dan="17,16,16,17" rate="2121.70,2073.84,2038.71,2138.17" sx="M,F,M,M"/><TAIKYOKU oya="0"/><INIT seed="0,0,0,0,3,43" ten="250,250,250,250" oya="0" hai0="39,64,65,15,104,117,79,57,131,46,50,52,116" hai1="121,18,61,101,96,128,80,17,45,68,58,59,1" hai2="37,85,67,125,76,133,10,98,41,130,72,123,97" hai3="124,69,87,102,0,135,60,24,35,119,4,20,95"/><T91/><D104/><U134/><E1/><V84/><F67/><W7/><G119/><T49/><D79/><U12/><E121/><V44/><F123/><W111/><G35/><T89/><D39/><U66/><E128/><V13/><F130/><W110/><G135/><T51/><D131/><U127/><E127/><V16/><F125/><W106/><G106/><T34/><D34/><U62/><E80/><V31/><F31/><W120/><G120/><T53/><D15/><U29/><E29/><V38/><F38/><W9/><G4/><T3/><D3/><U5/><E68/><V56/><F56/><W63/><G124/><T132/><D132/><U83/><E83/><V100/><F97/><N who="3" m="59711" /><G87/><T32/><D32/><U74/><E74/><V28/><F28/><N who="3" m="17415" /><G69/><T21/><D21/><U26/><E26/><V73/><F133/><W115/><G115/><T114/><D114/><U81/><E134/><V33/><F33/><W92/><G92/><T48/><D116/><U30/><E81/><V99/><F99/><W105/><G105/><T88/><D117/><U118/><E30/><V22/><F22/><W129/><G129/><T103/><D103/><U8/><E118/><V54/><F76/><W107/><G107/><T47/><D57/><U11/><E11/><V40/><F98/><W2/><G2/><T55/><N who="0" m="12288" /><DORA hai="109" /><T122/><D122/><U93/><E59/><V25/><F100/><W27/><G27/><T36/><D36/><U19/><E62/><V108/><F25/><W82/><G82/><T126/><D126/><U113/><E113/><V94/><F37/><RYUUKYOKU ba="0,0" sc="250,10,250,10,250,-30,250,10" hai0="46,47,52,53,55,64,65,88,89,91" hai1="5,8,12,17,18,19,45,58,61,66,93,96,101" hai3="0,7,9,60,63,110,111" /><INIT seed="0,1,0,4,5,61" ten="260,260,220,260" oya="0" hai0="32,25,6,75,108,131,39,133,18,73,128,122,70" hai1="91,98,60,72,29,12,74,58,22,41,121,17,79" hai2="10,134,52,27,87,101,23,89,26,103,99,64,94" hai3="49,13,62,77,19,30,57,116,20,63,24,40,100"/><T76/><D6/><U104/><E121/><V113/><F113/><W4/><G116/><T50/><D122/><U69/><E69/><V106/><F134/><W123/><G123/><T35/><D18/><U7/><E41/><V33/><F33/><W68/><G68/><T38/><D50/><U5/><E29/><V71/><F101/><W65/><G77/><T37/><D133/><U21/><E21/><V51/><F10/><W31/><G63/><T114/><D114/><U47/><E47/><V43/><F43/><W28/><G100/><T124/><D124/><U90/><E104/><V86/><F86/><W16/><G4/><T110/><D70/><U107/><E107/><V81/><F106/><W14/><G19/><T2/><D76/><U130/><E79/><V132/><F132/><W135/><G135/><T97/><D97/><U119/><E98/><V45/><F71/><W11/><G11/><T129/><D2/><U15/><E119/><V93/><F64/><W59/><G59/><T48/><D48/><U115/><E58/><V1/><F1/><W44/><AGARI ba="1,0" hai="13,14,16,20,24,28,30,31,40,44,49,57,62,65" machi="44" ten="30,7900,0" yaku="0,1,8,1,52,1,54,1" doraHai="61" who="3" fromWho="3" sc="260,-40,260,-21,220,-21,260,82" /><INIT seed="1,0,0,1,0,27" ten="220,239,199,342" oya="1" hai0="18,30,8,44,81,14,102,83,45,121,38,132,91" hai1="90,4,85,108,39,57,23,104,130,60,113,65,51" hai2="124,63,53,26,25,5,72,62,36,117,10,109,123" hai3="92,112,126,133,135,114,35,127,77,94,99,97,93"/><U67/><E113/><V48/><F72/><W34/><G77/><T56/><D121/><U1/><E39/><V107/><F36/><W120/><REACH who="3" step="1"/><G92/><REACH who="3" ten="220,239,199,332" step="2"/><T43/><D132/><U55/><E104/><V6/><F107/><W129/><G129/><T96/><D38/><U80/><E130/><V118/><F123/><AGARI ba="0,1" hai="34,35,93,94,97,99,112,114,120,123,126,127,133,135" machi="123" ten="25,3200,0" yaku="1,1,22,2,53,0" doraHai="27" doraHaiUra="100" who="3" fromWho="2" sc="220,0,239,0,199,-32,332,42" /><INIT seed="2,0,0,3,3,113" ten="220,239,167,374" oya="2" hai0="80,19,76,39,107,122,41,134,59,69,132,118,65" hai1="37,90,101,86,8,115,30,2,34,49,57,56,112" hai2="54,10,74,126,58,45,93,23,131,91,135,127,96" hai3="99,114,6,22,40,103,81,62,53,75,35,14,85"/><V38/><F74/><W71/><G35/><T13/><D107/><U97/><E37/><V79/><F79/><W51/><G75/><T64/><D69/><U130/><E130/><V43/><F131/><W128/><G128/><T84/><D122/><U55/><E56/><V95/><F135/><N who="0" m="51754" /><D39/><U88/><E90/><V117/><F117/><W42/><G114/><T98/><D41/><U48/><E48/><V47/><F47/><W68/><G68/><T133/><D133/><U29/><E29/><V11/><F23/><W7/><G71/><T32/><D32/><U63/><E49/><V92/><F95/><W28/><G62/><N who="0" m="37983" /><D98/><U106/><E34/><V89/><F127/><W110/><G110/><T123/><D65/><U17/><E30/><V125/><F126/><W21/><G42/><T25/><D25/><U77/><E115/><V109/><F109/><W18/><G40/><T52/><D123/><U83/><E112/><V50/><REACH who="2" step="1"/><F125/><REACH who="2" ten="220,239,157,374" step="2"/><W120/><G120/><T102/><D118/><U78/><E77/><V124/><F124/><W104/><G22/><T119/><D119/><U3/><E78/><V16/><F16/><W111/><G111/><T129/><D129/><U72/><E72/><V27/><F27/><W60/><G28/><T105/><D105/><U9/><E17/><V36/><F36/><W24/><G24/><T46/><D19/><U61/><E106/><V121/><F121/><W94/><G104/><T12/><D102/><U15/><E101/><V100/><F100/><W5/><G103/><T66/><D46/><U4/><E83/><V67/><F67/><RYUUKYOKU ba="0,1" sc="220,-10,239,-10,157,30,374,-10" hai2="10,11,38,43,45,50,54,58,89,91,92,93,96" /><INIT seed="2,1,1,5,1,7" ten="210,229,187,364" oya="2" hai0="87,89,119,97,19,67,34,95,33,43,75,40,8" hai1="85,53,0,3,42,24,16,96,110,61,71,55,25" hai2="134,133,120,105,112,32,124,116,65,80,51,93,106" hai3="77,21,35,52,114,45,127,54,109,118,98,78,100"/><V70/><F32/><W103/><G35/><T20/><D75/><U91/><E110/><V115/><F70/><W69/><G118/><T22/><D67/><U17/><E42/><V83/><F65/><W6/><G69/><T57/><D34/><U36/><E36/><V31/><F31/><W129/><G129/><T135/><D33/><U11/><E71/><V94/><F51/><W126/><G114/><T64/><D135/><N who="2" m="51722" /><F120/><W72/><G109/><T27/><D119/><U66/><E66/><V59/><F59/><W101/><G98/><T104/><D104/><N who="2" m="40042" /><F124/><W131/><G45/><T90/><D64/><U111/><E111/><V48/><F48/><W86/><G127/><T30/><D57/><U18/><E61/><V62/><F62/><W132/><G126/><T56/><D56/><U125/><E125/><V113/><F116/><W9/><G132/><T4/><D22/><U44/><E44/><V76/><F83/><W63/><G21/><T37/><D30/><U68/><E68/><V1/><F1/><W49/><G63/><T29/><D29/><U121/><E121/><V23/><F23/><W92/><G49/><T10/><D37/><U39/><E39/><V28/><F28/><W60/><G60/><T46/><D4/><U84/><E3/><V88/><F88/><W123/><G6/><T128/><D46/><U108/><E108/><V58/><F58/><W73/><G123/><T122/><D122/><U102/><E0/><V5/><F5/><W38/><G38/><T99/><D43/><U130/><E91/><V74/><AGARI ba="1,1" hai="74,76,80,93,94,112,113,115" m="40042,51722" machi="74" ten="40,7800,0" yaku="20,1,34,2" doraHai="7" who="2" fromWho="2" sc="210,-27,229,-27,187,91,364,-27" /><INIT seed="2,2,0,5,2,66" ten="183,202,278,337" oya="2" hai0="64,25,55,21,109,13,99,96,5,76,17,9,0" hai1="75,101,125,50,53,29,41,26,120,135,111,91,122" hai2="116,118,95,107,68,94,12,8,128,103,42,129,130" hai3="23,131,72,46,7,52,24,93,15,44,67,19,98"/><V4/><F42/><W105/><G72/><T54/><D76/><U58/><E111/><V108/><F108/><W35/><G105/><T10/><D109/><U92/><E75/><V84/><F107/><W100/><G131/><T114/><D114/><U69/><E125/><V112/><F112/><W43/><G67/><T102/><D64/><U34/><E135/><V115/><F115/><W124/><G124/><T77/><D77/><U3/><E3/><V14/><F103/><W133/><G133/><T83/><D83/><U73/><E73/><V62/><F14/><W45/><G43/><T79/><D79/><U85/><E101/><V51/><F51/><N who="3" m="28775" /><G35/><T11/><D11/><AGARI ba="2,0" hai="7,11,15,19,23,24,45,46,93,98,100" m="28775" machi="11" ten="30,2000,0" yaku="8,1,54,1" doraHai="66" who="3" fromWho="0" sc="183,-26,202,0,278,0,337,26" /><INIT seed="3,0,0,5,2,19" ten="157,202,278,363" oya="3" hai0="69,74,51,70,133,131,122,101,30,52,58,22,9" hai1="27,4,65,77,135,95,82,32,16,92,31,6,98" hai2="126,35,39,85,48,33,43,53,108,99,132,100,115" hai3="62,134,21,105,109,104,107,124,37,47,123,18,72"/><W26/><G123/><T36/><D36/><U73/><E135/><V125/><F115/><W40/><G72/><T56/><D74/><U81/><E82/><V64/><F132/><W130/><G134/><T14/><D133/><U88/><E65/><V129/><F64/><W46/><G130/><T113/><D131/><U68/><E68/><V96/><F129/><W41/><G124/><N who="2" m="47721" /><F39/><W49/><G109/><T10/><D113/><U90/><REACH who="1" step="1"/><E16/><REACH who="1" ten="157,192,278,363" step="2"/><V7/><F108/><W1/><G1/><T23/><D69/><U63/><E63/><V13/><F13/><W116/><G116/><T111/><D70/><U93/><E93/><V127/><F127/><W87/><G62/><T29/><D111/><U75/><E75/><V119/><F119/><W120/><G120/><T128/><D122/><U34/><E34/><V117/><F35/><W44/><G107/><T11/><D128/><U118/><E118/><V60/><F33/><W57/><G105/><T59/><D101/><U45/><E45/><N who="2" m="25663" /><F100/><W0/><G104/><T86/><D86/><AGARI ba="0,1" hai="4,6,27,31,32,73,77,81,86,88,90,92,95,98" machi="86" ten="30,3900,0" yaku="1,1,7,1,54,1,53,0" doraHai="19" doraHaiUra="61" who="1" fromWho="0" sc="157,-39,192,49,278,0,363,0" /><INIT seed="4,0,0,5,3,113" ten="118,241,278,363" oya="0" hai0="88,44,116,68,50,71,128,97,67,60,86,59,98" hai1="105,120,12,102,4,2,29,0,39,7,111,31,25" hai2="34,89,47,107,15,28,82,36,109,61,38,96,57" hai3="9,84,43,80,24,56,14,132,78,133,90,131,112"/><T21/><D116/><U103/><E39/><V108/><F34/><W35/><G112/><T72/><D72/><U52/><E105/><V100/><F28/><W11/><G131/><T130/><D71/><U16/><E111/><V20/><F38/><W19/><G43/><T104/><D68/><U127/><E127/><V3/><F3/><N who="1" m="1065" /><E52/><V17/><F89/><W23/><G56/><T48/><D104/><U33/><E102/><V32/><F32/><W81/><G35/><T5/><D5/><N who="1" m="2123" /><E103/><V121/><F82/><W70/><G70/><T64/><D64/><U77/><E77/><V66/><F121/><W95/><G81/><N who="0" m="49231" /><D130/><U114/><E114/><V126/><REACH who="2" step="1"/><F126/><REACH who="2" ten="118,241,268,363" step="2"/><W93/><G90/><T123/><D128/><U76/><E120/><V99/><F99/><N who="0" m="37898" /><D123/><U79/><E76/><V10/><F10/><W53/><G9/><T110/><D110/><U92/><E79/><V106/><F106/><W27/><G11/><T101/><D101/><U94/><E92/><V122/><F122/><W135/><G95/><T91/><D91/><U83/><E94/><V8/><F8/><W62/><G93/><T6/><D6/><U37/><E37/><V40/><AGARI ba="0,1" hai="15,17,20,36,40,47,57,61,66,96,100,107,108,109" machi="40" ten="30,4000,0" yaku="1,1,0,1,53,1" doraHai="113" doraHaiUra="69" who="2" fromWho="2" sc="118,-20,241,-10,268,50,363,-10" /><INIT seed="5,0,0,2,4,33" ten="98,231,318,353" oya="1" hai0="37,32,8,21,45,51,123,54,74,4,76,94,28" hai1="129,101,17,53,79,19,64,69,23,24,30,126,43" hai2="14,50,5,90,116,77,83,25,71,113,38,41,57" hai3="133,84,68,111,96,121,66,26,134,70,107,20,131"/><U16/><E126/><V42/><F71/><W91/><G111/><T13/><D123/><U49/><E129/><V93/><F116/><W114/><G121/><T67/><D67/><U56/><E79/><V10/><F38/><W95/><G114/><T46/><D32/><U99/><E43/><V97/><F113/><W78/><G131/><T7/><D74/><U44/><E69/><V112/><F112/><W3/><G3/><T72/><D72/><U59/><REACH who="1" step="1"/><E64/><REACH who="1" ten="98,221,318,353" step="2"/><V9/><F77/><W98/><G70/><T0/><D76/><U52/><E52/><V35/><F42/><W22/><G66/><T124/><D124/><U12/><E12/><V85/><F41/><W92/><G68/><T106/><D37/><U18/><N who="1" m="4096" /><DORA hai="119" /><U58/><E58/><V127/><F57/><W39/><G39/><T80/><D46/><U31/><E31/><V75/><F127/><W130/><G130/><T125/><D125/><U105/><AGARI ba="0,1" hai="23,24,30,44,49,53,56,59,99,101,105" m="4096" machi="105" ten="40,12000,1" yaku="1,1,0,1,54,1,53,1" doraHai="33,119" doraHaiUra="87,47" who="1" fromWho="1" sc="98,-40,221,130,318,-40,353,-40" /><INIT seed="5,1,0,3,1,49" ten="58,351,278,313" oya="1" hai0="123,120,135,65,66,74,22,61,9,85,105,14,98" hai1="39,36,129,71,89,13,70,15,94,6,118,119,28" hai2="8,41,53,27,52,32,113,29,34,99,92,112,58" hai3="101,130,55,24,21,133,31,76,110,109,57,87,16"/><U47/><E28/><V115/><F41/><W114/><G114/><T50/><D74/><U108/><E129/><V78/><F78/><W111/><G130/><T100/><D135/><U97/><E108/><V80/><F80/><W63/><G133/><T121/><D22/><U60/><E6/><V33/><F8/><W17/><REACH who="3" step="1"/><G101/><REACH who="3" ten="58,351,278,303" step="2"/><T3/><D3/><U1/><E1/><V128/><F128/><W45/><G45/><T38/><D38/><U46/><E47/><V40/><F40/><W72/><G72/><T0/><D0/><U79/><E46/><V10/><F10/><W23/><G23/><T7/><D85/><U125/><E39/><V134/><F134/><W116/><G116/><T73/><D73/><U30/><E36/><V96/><F96/><W26/><G26/><T43/><D43/><U2/><E2/><V75/><F75/><W44/><G44/><T82/><D82/><AGARI ba="1,1" hai="16,17,21,24,31,55,57,63,76,82,87,109,110,111" machi="82" ten="40,5200,0" yaku="1,1,52,1,54,1,53,0" doraHai="49" doraHaiUra="69" who="3" fromWho="0" sc="58,-55,351,0,278,0,303,65" /><INIT seed="6,0,0,4,2,28" ten="3,351,278,368" oya="2" hai0="46,77,11,82,106,73,44,66,84,23,129,100,1" hai1="54,134,125,76,80,94,31,39,15,24,112,87,37" hai2="68,5,120,135,29,59,19,72,33,48,98,81,70" hai3="75,2,108,4,47,65,105,67,93,25,74,122,128"/><V55/><F120/><W16/><G122/><T114/><D114/><U119/><E119/><V88/><F135/><W34/><G105/><T69/><D69/><U10/><E112/><V20/><F5/><W63/><G108/><T14/><D14/><U109/><E109/><V115/><F115/><W99/><G128/><T103/><D103/><U36/><E134/><V113/><F113/><W62/><G47/><T53/><D53/><U90/><E125/><V0/><F0/><W27/><G34/><T35/><D35/><U18/><E54/><V51/><F48/><W79/><G79/><T56/><D56/><U32/><REACH who="1" step="1"/><E37/><REACH who="1" ten="3,341,278,368" step="2"/><V111/><F111/><W131/><G131/><T71/><D129/><U41/><E41/><V126/><F126/><W38/><G38/><T30/><D73/><AGARI ba="0,1" hai="10,15,18,24,31,32,36,39,73,76,80,87,90,94" machi="73" ten="30,7700,0" yaku="1,1,7,1,52,1,53,1" doraHai="28" doraHaiUra="104" who="1" fromWho="0" sc="3,-77,341,87,278,0,368,0" owari="-74,-57.0,428,52.0,278,-12.0,368,17.0" /></mjloggm>