<mjloggm ver="2.3"><GO type="169" lobby="0"/><UN n0="%E7%89%8C%E5%BB%83%E4%BA%BA" n1="%E8%A8%80%E8%91%89%E3%81%A8%E7%89%A9" n2="%E4%B8%AD%E6%9D%91%E8%B1%AA%EF%BC%A0" n3="%E3%81%B5%E3%81%BF%4B%55%4E" dan="17,18,16,16" rate="2148.47,2150.79,2089.05,2093.56" sx="M,M,M,M"/><TAIKYOKU oya="0"/><INIT seed="0,0,0,2,5,132" ten="250,250,250,250" oya="0" hai0="10,100,8,84,105,76,2,77,50,11,16,49,61" hai1="123,85,39,80,79,41,90,6,75,103,131,19,56" hai2="31,69,25,36,67,44,47,29,40,4,57,73,124" hai3="63,38,53,104,12,134,110,68,106,118,101,13,14"/><T9/><D105/><U113/><E123/><V83/><F29/><W51/><G134/><T97/><D2/><U126/><E6/><V120/><F47/><W30/><G118/><T23/><D61/><U86/><E39/><V115/><F57/><W24/><G38/><T34/><D34/><U66/><E41/><V52/><F52/><W17/><G110/><T91/><N who="0" m="2048" /><DORA hai="58" /><T89/><D100/><U37/><E37/><V121/><F115/><W111/><G17/><T122/><D97/><U18/><E113/><V114/><F4/><W3/><G3/><T135/><D122/><U128/><E103/><V74/><F114/><W109/><G109/><T71/><D71/><U119/><E119/><V87/><F87/><W64/><G101/><T46/><D91/><U117/><E117/><V33/><F124/><W5/><G111/><T102/><D102/><U70/><E126/><V82/><F82/><W108/><G108/><T129/><D129/><N who="1" m="49739" /><E56/><V1/><F1/><W94/><G94/><N who="0" m="54567" /><D135/><U96/><E96/><V130/><F130/><W127/><G127/><T72/><D72/><N who="2" m="27754" /><F83/><W116/><G116/><T133/><D133/><U32/><E75/><V42/><F120/><W62/><G5/><T88/><D88/><U28/><E90/><V81/><F121/><W15/><N who="3" m="3072" /><DORA hai="93" /><W20/><REACH who="3" step="1"/><G63/><REACH who="3" ten="250,250,250,240" step="2"/><T35/><D16/><U22/><E19/><V60/><F81/><W7/><G7/><T125/><D125/><U55/><E18/><V59/><F36/><W21/><G21/><T95/><D95/><U78/><E22/><V0/><F0/><W65/><G65/><RYUUKYOKU ba="0,1" sc="250,-10,250,-10,250,-10,240,30" hai3="20,24,30,51,53,62,64,68,104,106" /><INIT seed="1,1,1,2,3,68" ten="240,240,240,270" oya="1" hai0="14,132,78,56,70,52,83,2,119,44,106,35,102" hai1="133,48,25,36,111,76,92,91,61,0,99,21,71" hai2="51,4,15,110,93,39,88,127,89,109,79,64,37" hai3="20,77,108,49,22,16,122,131,54,130,29,114,107"/><U135/><E0/><V113/><F79/><W97/><G114/><T100/><D2/><U129/><E76/><V118/><F118/><W121/><G77/><T69/><D119/><U38/><E129/><V57/><F127/><W90/><G108/><N who="2" m="41577" /><F113/><W30/><G107/><T116/><D116/><U28/><E111/><V34/><F34/><W1/><G1/><T82/><D35/><U5/><E5/><V3/><F3/><W27/><G97/><T55/><D132/><N who="1" m="50763" /><E48/><V12/><F89/><W115/><G90/><T101/><D106/><U112/><E112/><V60/><F51/><W73/><G73/><T123/><D123/><N who="3" m="47113" /><G54/><T40/><D14/><N who="2" m="5162" /><F4/><W33/><G49/><T117/><D117/><U10/><E10/><V41/><F41/><W74/><G74/><T58/><D78/><U19/><E28/><V24/><F24/><N who="3" m="18631" /><G115/><T81/><D40/><U8/><E8/><V7/><F7/><W46/><G46/><T6/><D44/><U45/><E45/><V66/><F66/><AGARI ba="1,1" hai="19,21,25,36,38,61,66,71,91,92,99" m="50763" machi="66" ten="30,5800,0" yaku="20,1,52,2" doraHai="68" who="1" fromWho="2" sc="240,0,240,71,240,-61,270,0" /><INIT seed="1,2,0,1,3,81" ten="240,311,179,270" oya="1" hai0="108,29,38,95,74,56,34,131,14,61,80,2,107" hai1="129,24,90,71,51,32,21,72,49,20,41,55,77" hai2="106,62,128,125,121,10,6,98,120,50,33,105,91" hai3="135,83,68,94,75,46,52,73,117,3,124,112,114"/><U0/><E71/><V132/><F33/><W100/><G68/><T113/><D107/><U53/><E0/><V48/><F128/><W12/><G3/><T122/><D2/><U16/><E41/><V127/><F62/><W45/><G124/><N who="2" m="47689" /><F132/><W31/><G31/><T63/><D38/><U19/><E129/><V87/><F50/><W69/><G69/><T89/><D131/><U70/><E70/><V67/><F67/><W119/><G135/><T4/><D113/><U36/><E36/><V54/><F98/><N who="3" m="59479" /><G12/><T18/><D4/><U66/><E66/><V65/><F65/><W104/><G46/><T97/><D122/><N who="2" m="47210" /><F10/><W118/><G104/><T39/><D34/><U99/><E32/><V28/><F6/><W43/><G52/><N who="1" m="20042" /><E72/><N who="3" m="27722" /><G83/><T64/><D39/><AGARI ba="2,0" hai="39,43,45,112,114,117,118,119" m="27722,59479" machi="39" ten="40,1300,0" yaku="12,1" doraHai="81" who="3" fromWho="0" sc="240,-19,311,0,179,0,270,19" /><INIT seed="2,0,0,2,0,40" ten="221,311,179,289" oya="2" hai0="28,87,24,36,14,83,51,18,0,90,118,133,127" hai1="9,58,22,128,62,113,115,122,110,8,135,1,3" hai2="2,7,120,75,80,79,33,70,25,13,5,32,29" hai3="88,96,57,132,76,60,39,11,97,41,100,48,77"/><V125/><F120/><W89/><G132/><T38/><D133/><U6/><E135/><V111/><F70/><W30/><G39/><T126/><D0/><U129/><E122/><V98/><F125/><N who="0" m="47626" /><D118/><U119/><E119/><V86/><F33/><W108/><G30/><T15/><D51/><U23/><E62/><V69/><F69/><W112/><G112/><N who="1" m="43082" /><E58/><V92/><F2/><N who="1" m="521" /><E110/><V134/><F134/><W31/><G31/><T94/><D83/><U34/><E34/><V4/><F111/><W37/><G37/><N who="0" m="14443" /><D18/><U67/><E67/><V43/><F43/><W99/><G108/><T117/><D117/><U105/><E105/><V81/><F13/><W104/><G104/><T124/><N who="0" m="47634" /><T66/><DORA hai="52" /><D66/><U19/><E6/><V84/><REACH who="2" step="1"/><F81/><REACH who="2" ten="221,311,169,289" step="2"/><W12/><G41/><T49/><D15/><N who="1" m="7663" /><E8/><V26/><F26/><W45/><G11/><T82/><D14/><U50/><E22/><V71/><F71/><W46/><G12/><T106/><D82/><U123/><E23/><V53/><F53/><W109/><G109/><T16/><D24/><U78/><E123/><V91/><AGARI ba="0,1" hai="4,5,7,25,29,32,75,79,80,84,86,91,92,98" machi="91" ten="30,6000,0" yaku="1,1,0,1,53,1" doraHai="40,52" doraHaiUra="107,130" who="2" fromWho="2" sc="221,-20,311,-20,169,70,289,-20" /><INIT seed="2,1,0,5,0,81" ten="201,291,239,269" oya="2" hai0="91,129,38,73,19,68,83,114,41,9,58,135,120" hai1="52,39,34,5,115,87,63,76,92,101,80,126,111" hai2="123,62,75,18,69,74,60,66,119,20,48,86,94" hai3="131,108,28,84,6,23,35,2,124,26,22,98,55"/><V82/><F119/><W54/><G108/><T93/><D68/><U50/><E115/><V56/><F123/><W134/><G131/><T10/><D114/><U133/><E39/><V1/><F48/><W59/><G124/><T16/><D120/><U46/><E34/><V99/><F1/><W88/><G98/><T104/><D104/><U42/><E126/><V31/><F31/><W130/><G130/><T102/><D129/><U117/><E117/><V45/><F45/><W125/><G125/><T122/><D122/><U65/><E133/><V107/><F107/><W43/><G43/><T8/><D135/><U96/><E111/><V100/><F20/><W40/><G40/><T37/><D102/><U25/><E25/><V21/><F21/><W33/><G55/><T29/><D29/><U57/><REACH who="1" step="1"/><E5/><REACH who="1" ten="201,281,239,269" step="2"/><V97/><F18/><W51/><G134/><T49/><D38/><U72/><E72/><V64/><REACH who="2" step="1"/><F99/><REACH who="2" ten="201,281,229,269" step="2"/><W44/><G33/><T61/><D37/><U47/><E47/><V89/><AGARI ba="1,2" hai="56,60,62,64,66,69,74,75,82,86,89,94,97,100" machi="89" ten="20,12000,1" yaku="1,1,2,1,0,1,7,1,52,1,53,0" doraHai="81" doraHaiUra="17" who="2" fromWho="2" sc="201,-41,281,-41,229,143,269,-41" /><INIT seed="2,2,0,1,5,32" ten="160,240,372,228" oya="2" hai0="44,1,56,45,8,123,109,52,100,122,74,108,112" hai1="60,77,120,59,103,3,111,34,29,27,12,35,98" hai2="73,33,61,46,21,64,36,38,48,76,13,10,55" hai3="129,102,93,20,133,82,72,50,24,128,16,6,31"/><V66/><F33/><W53/><G133/><T41/><D74/><U14/><E111/><N who="0" m="42569" /><D100/><U15/><E120/><N who="0" m="46121" /><D112/><U134/><E134/><V80/><F21/><W23/><G6/><N who="0" m="1103" /><D41/><U88/><E77/><V9/><F9/><W125/><G125/><T58/><D56/><U97/><E34/><V71/><REACH who="2" step="1"/><F66/><REACH who="2" ten="160,240,362,228" step="2"/><W26/><G128/><T17/><D17/><AGARI ba="2,1" hai="10,13,17,36,38,46,48,55,61,64,71,73,76,80" machi="17" ten="30,5800,0" yaku="1,1,2,1,7,1,53,0" doraHai="32" doraHaiUra="30" who="2" fromWho="0" sc="160,-64,240,0,362,74,228,0" /><INIT seed="2,3,0,0,4,39" ten="96,240,436,228" oya="2" hai0="129,128,8,59,32,74,30,6,73,63,121,38,11" hai1="108,61,75,83,89,43,131,35,2,102,47,34,25" hai2="86,20,135,93,85,42,29,82,17,110,124,114,132" hai3="115,122,77,3,53,134,50,80,88,10,33,44,19"/><V49/><F114/><W57/><G122/><T72/><D121/><U7/><E108/><V52/><F29/><W40/><G33/><T133/><D133/><N who="2" m="51274" /><F124/><W22/><G134/><T45/><D32/><U31/><E131/><N who="0" m="50249" /><D30/><U113/><E113/><V99/><F110/><W126/><G126/><T67/><D6/><U79/><E102/><N who="2" m="60783" /><F82/><W28/><G28/><T104/><D104/><U94/><E35/><V51/><F42/><AGARI ba="3,0" hai="8,11,38,42,45,59,63,67,72,73,74" m="50249" machi="42" ten="40,2600,0" yaku="19,1,52,1" doraHai="39" who="0" fromWho="2" sc="96,35,240,0,436,-35,228,0" /><INIT seed="3,0,0,4,5,118" ten="131,240,401,228" oya="3" hai0="53,43,66,29,81,135,47,117,26,113,64,90,71" hai1="10,114,63,27,108,38,83,76,86,60,87,37,78" hai2="1,130,73,109,31,57,82,80,2,15,44,11,14" hai3="61,104,39,105,41,99,120,51,23,129,95,30,28"/><W92/><G39/><T88/><D117/><U25/><E114/><V40/><F109/><W100/><G129/><T22/><D113/><U79/><E108/><V6/><F31/><W50/><G61/><T103/><D135/><U101/><E101/><V72/><F130/><W56/><G41/><T121/><D103/><U62/><E10/><V55/><F73/><W134/><G134/><T49/><D121/><U111/><E111/><V20/><F20/><W70/><G70/><T3/><D3/><U93/><E93/><V91/><F1/><W48/><G56/><T46/><D71/><U125/><E125/><V124/><F124/><W119/><G119/><T85/><REACH who="0" step="1"/><D90/><REACH who="0" ten="121,240,401,228" step="2"/><U36/><E83/><V84/><F82/><W115/><G115/><T133/><D133/><U24/><AGARI ba="0,1" hai="24,25,27,36,37,38,60,62,63,76,78,79,86,87" machi="24" ten="50,32000,5" yakuman="40" doraHai="118" who="1" fromWho="1" sc="121,-80,240,330,401,-80,228,-160" /><INIT seed="4,0,0,3,2,71" ten="41,570,321,68" oya="0" hai0="41,122,56,94,14,52,64,134,90,39,76,81,15" hai1="123,33,105,65,51,75,59,131,82,125,128,106,0" hai2="73,49,46,87,55,130,99,32,30,11,50,72,4" hai3="54,6,100,44,110,28,78,62,126,113,111,8,79"/><T20/><D122/><U23/><E123/><V129/><F99/><W60/><G126/><T85/><D134/><U107/><E33/><V89/><F50/><W69/><G28/><T120/><D120/><U9/><E125/><V61/><F61/><W124/><G124/><T127/><D64/><U68/><E68/><V31/><F72/><W63/><G100/><T35/><D35/><U135/><E135/><V7/><F73/><W103/><G103/><T92/><D127/><U13/><E23/><V18/><F18/><W132/><G69/><T47/><D20/><U83/><E0/><V70/><F70/><W3/><G132/><T80/><D80/><U88/><E75/><V37/><F37/><W1/><G113/><T29/><D29/><U86/><E83/><V43/><F55/><W74/><G3/><T133/><D133/><U12/><E9/><V26/><F31/><W116/><G116/><T91/><D91/><U66/><E51/><V21/><F32/><W112/><G112/><T114/><D114/><U101/><E101/><V93/><REACH who="2" step="1"/><F7/><REACH who="2" ten="41,570,311,68" step="2"/><W67/><G74/><T45/><D45/><U27/><E66/><V16/><F16/><W109/><G67/><T84/><D94/><U119/><E65/><V25/><F25/><W42/><G54/><T53/><D53/><U115/><E27/><V22/><F22/><W17/><G17/><T10/><D10/><U118/><E82/><V38/><F38/><W108/><G109/><T5/><D5/><U36/><E36/><V97/><F97/><W98/><G98/><T95/><D92/><U2/><E86/><RYUUKYOKU ba="0,1" sc="41,10,570,-30,311,10,68,10" hai0="14,15,39,41,47,52,56,76,81,84,85,90,95" hai2="4,11,21,26,30,43,46,49,87,89,93,129,130" hai3="1,6,8,42,44,60,62,63,78,79,108,110,111" /><INIT seed="4,1,1,5,4,111" ten="51,540,321,78" oya="0" hai0="55,44,24,70,105,41,127,32,52,96,129,106,120" hai1="80,116,71,123,86,114,94,19,91,103,68,119,126" hai2="56,81,97,64,66,12,63,5,46,122,107,8,104" hai3="118,67,65,14,26,53,42,0,125,25,20,10,15"/><T95/><D120/><U38/><E38/><V43/><F122/><W130/><G118/><T78/><D70/><U33/><E33/><V132/><F132/><W4/><G125/><T36/><D127/><U54/><E123/><V9/><F66/><W16/><G130/><T18/><D129/><U1/><E126/><V98/><F104/><W112/><G112/><T40/><D78/><U23/><E1/><V87/><F9/><W89/><G42/><T99/><D41/><U59/><E114/><V60/><F60/><W13/><G53/><T85/><D85/><U102/><E116/><V84/><F84/><W31/><REACH who="3" step="1"/><G89/><REACH who="3" ten="51,540,321,68" step="2"/><T124/><D124/><U22/><E119/><V135/><F135/><W113/><G113/><T82/><D55/><U69/><E54/><V37/><F107/><W62/><G62/><T100/><D106/><U101/><E59/><V128/><F128/><W61/><G61/><T2/><D52/><U75/><E19/><V117/><F117/><W45/><G45/><T58/><D58/><U7/><E7/><V72/><F72/><W121/><G121/><T115/><D115/><U11/><E75/><V30/><F30/><W21/><AGARI ba="1,2" hai="0,4,10,13,14,15,16,20,21,25,26,31,65,67" machi="21" ten="30,4000,0" yaku="1,1,0,1,54,1,53,0" doraHai="111" doraHaiUra="110" who="3" fromWho="3" sc="51,-21,540,-11,321,-11,68,63" /><INIT seed="5,0,0,5,5,62" ten="30,529,310,131" oya="1" hai0="30,19,22,3,83,53,24,39,72,96,122,41,75" hai1="125,38,117,73,114,58,42,44,99,35,129,46,33" hai2="34,77,89,103,101,23,11,115,100,118,16,29,1" hai3="105,57,121,5,40,112,2,135,94,7,4,106,60"/><U26/><E117/><V132/><F118/><W80/><G121/><T12/><D122/><U64/><E73/><V69/><F77/><W45/><G112/><T110/><D110/><U52/><E114/><V71/><F132/><W79/><G2/><T21/><D3/><U56/><E125/><V102/><N who="2" m="25600" /><DORA hai="9" /><V85/><F115/><W8/><G94/><T128/><D128/><U65/><E129/><V28/><F11/><W133/><G105/><T47/><D96/><U55/><E99/><V50/><F1/><W109/><G106/><T20/><D53/><U25/><E42/><V111/><F50/><W13/><G109/><T70/><D70/><U14/><E14/><V124/><F124/><W15/><G8/><T74/><REACH who="0" step="1"/><D22/><REACH who="0" ten="20,529,310,131" step="2"/><U36/><AGARI ba="0,1" hai="25,26,33,35,36,38,44,46,52,55,56,58,64,65" machi="36" ten="25,18000,2" yaku="0,1,22,2,52,2,54,1" doraHai="62,9" who="1" fromWho="1" sc="20,-60,529,190,310,-60,131,-60" owari="-40,-54.0,719,82.0,250,5.0,71,-33.0" /></mjloggm>