<mjloggm ver="2.3"><GO type="169" lobby="0"/><UN n0="%E3%83%AA%E3%83%83%E3%83%97%E3%83%AB%E3%83%A9%E3%83%83%E3%83%97%E3%83%AB" n1="%53%74%65%69%6E%73" n2="%E5%88%87%E3%82%8A%E6%9C%AD" n3="%E8%9E%8D" dan="16,16,18,18" rate="2125.18,2143.33,2215.87,2228.27" sx="F,M,M,M"/><TAIKYOKU oya="0"/><INIT seed="0,0,0,0,0,114" ten="250,250,250,250" oya="0" hai0="101,131,125,108,129,112,11,100,75,33,132,53,89" hai1="54,57,19,26,45,106,113,88,109,4,1,6,10" hai2="36,102,116,105,0,16,66,71,23,74,126,122,72" hai3="79,73,127,32,134,124,118,68,7,97,107,25,24"/><T123/><D33/><U15/><E113/><V76/><F122/><W60/><G134/><T85/><D112/><U83/><E106/><V42/><F0/><W86/><G86/><T29/><D29/><U65/><E109/><V48/><F36/><W3/><G118/><T63/><D75/><U62/><E1/><V50/><F126/><W115/><G115/><T84/><D125/><U120/><E26/><V70/><F105/><W37/><G25/><T34/><D34/><U12/><E12/><V93/><F76/><W103/><G37/><T61/><D108/><U8/><E8/><V55/><F42/><W59/><G59/><T39/><D11/><U78/><E78/><V20/><F66/><N who="3" m="41031" /><G7/><T9/><D9/><U13/><E13/><V41/><F41/><W110/><G3/><T80/><D39/><U21/><E21/><V5/><F5/><W91/><G91/><T104/><D89/><U17/><E17/><V67/><F67/><W92/><G92/><T117/><D53/><U51/><E120/><V38/><F38/><W87/><G87/><AGARI ba="0,0" hai="4,6,10,15,19,45,51,54,57,62,65,83,87,88" machi="87" ten="40,8000,1" yaku="25,2,8,1,54,1" doraHai="114" who="1" fromWho="3" sc="250,0,250,80,250,0,250,-80" /><INIT seed="1,0,0,1,3,99" ten="250,330,250,170" oya="1" hai0="20,50,19,97,40,28,111,83,79,112,77,45,86" hai1="85,134,124,115,123,47,25,128,108,116,64,48,94" hai2="26,65,59,21,0,7,3,74,81,76,18,93,125" hai3="87,68,84,75,105,4,53,6,52,44,101,102,133"/><U34/><E115/><V41/><F125/><W1/><G75/><T70/><D111/><U43/><E116/><V118/><F118/><W46/><G105/><T16/><D70/><U11/><E123/><V91/><F41/><W38/><G68/><T37/><D37/><U58/><E124/><V67/><F7/><N who="3" m="2603" /><G38/><T90/><D112/><U107/><E107/><V129/><F129/><W120/><G1/><T89/><D28/><U69/><E128/><V60/><REACH who="2" step="1"/><F65/><REACH who="2" ten="250,330,240,170" step="2"/><W51/><G120/><T39/><D39/><U73/><E43/><V24/><F24/><W104/><G104/><T92/><REACH who="0" step="1"/><D19/><REACH who="0" ten="240,330,240,170" step="2"/><U2/><E108/><V72/><F72/><W56/><G133/><T66/><D66/><U29/><E64/><V61/><F61/><N who="3" m="35975" /><G46/><T96/><D96/><AGARI ba="0,2" hai="0,3,18,21,26,59,60,67,74,76,81,91,93,96" machi="96" ten="30,2000,0" yaku="1,1,7,1,53,0" doraHai="99" doraHaiUra="9" who="2" fromWho="0" sc="240,-20,330,0,240,40,170,0" /><INIT seed="2,0,0,5,4,59" ten="220,330,280,170" oya="2" hai0="7,86,118,61,70,38,6,9,95,19,49,107,105" hai1="117,23,15,55,119,130,78,76,63,5,125,127,42" hai2="132,33,39,67,69,27,85,47,92,68,90,57,18" hai3="60,1,114,72,64,10,25,51,24,88,65,101,3"/><V74/><F74/><W32/><G72/><T128/><D38/><U91/><E42/><V4/><F132/><W112/><G101/><T58/><D128/><U84/><E130/><V53/><F4/><W102/><G102/><T16/><D118/><N who="1" m="45067" /><E55/><V121/><F121/><W104/><G104/><T62/><D70/><U123/><E63/><N who="0" m="24073" /><D107/><U41/><E41/><V99/><F67/><W50/><G60/><T44/><D105/><U89/><E23/><V120/><F57/><W22/><G22/><T81/><D58/><U98/><E15/><V52/><F33/><W29/><G10/><T20/><D9/><U109/><E5/><N who="0" m="1545" /><D95/><N who="1" m="56687" /><E123/><V30/><F69/><W135/><G135/><T113/><D20/><U66/><E66/><V96/><F68/><W108/><G32/><T73/><D113/><U54/><E54/><V83/><F53/><W43/><G43/><N who="0" m="24735" /><D73/><U11/><E11/><V75/><F75/><W97/><G112/><T48/><D48/><U0/><E0/><V79/><F39/><W133/><G114/><T40/><D40/><U8/><E8/><V129/><F120/><W2/><G133/><T134/><D134/><U80/><E109/><V100/><F129/><W46/><G108/><T77/><AGARI ba="0,0" hai="16,19,77,81,86" m="24735,1545,24073" machi="77" ten="30,8000,1" yaku="8,1,52,3,54,1" doraHai="59" who="0" fromWho="0" sc="220,80,330,-20,280,-40,170,-20" /><INIT seed="3,0,0,3,5,46" ten="300,310,240,150" oya="3" hai0="18,90,104,109,66,86,80,84,34,83,56,87,12" hai1="65,8,119,25,3,120,68,52,20,85,63,37,10" hai2="129,4,106,64,36,131,22,92,124,126,71,30,13" hai3="26,38,21,49,61,130,27,60,97,95,123,29,134"/><W57/><G38/><T2/><D109/><U53/><E120/><V98/><F36/><W55/><G134/><T24/><D2/><U108/><E108/><V43/><F106/><W35/><G130/><N who="2" m="49673" /><F43/><W54/><G123/><T125/><D125/><N who="2" m="48234" /><F64/><W15/><G15/><T6/><D6/><U89/><E119/><V115/><F71/><W135/><G135/><T40/><D40/><U127/><E37/><V44/><F44/><W77/><G77/><T79/><D34/><U58/><E127/><V103/><F115/><W102/><REACH who="3" step="1"/><G54/><REACH who="3" ten="300,310,240,140" step="2"/><N who="1" m="21098" /><E3/><V23/><F30/><AGARI ba="0,1" hai="21,26,27,29,30,35,49,55,57,60,61,95,97,102" machi="30" ten="30,11600,0" yaku="1,1,7,1,52,1,53,1" doraHai="46" doraHaiUra="94" who="3" fromWho="2" sc="300,0,310,0,240,-116,140,126" /><INIT seed="3,1,0,2,4,27" ten="300,310,124,266" oya="3" hai0="131,9,118,129,20,33,109,134,99,128,56,5,96" hai1="7,19,82,72,8,42,110,44,94,79,124,36,51" hai2="107,130,105,89,90,84,30,37,71,127,45,95,28" hai3="74,2,77,126,18,111,135,102,112,52,54,38,101"/><W13/><G112/><T40/><D33/><U113/><E113/><V65/><F127/><W133/><G2/><T6/><D118/><U75/><E124/><V87/><F130/><W53/><G126/><T121/><D121/><U117/><E110/><V68/><F45/><W108/><G38/><T73/><D73/><U62/><E117/><V25/><F37/><W48/><G48/><T41/><D109/><N who="3" m="42057" /><G77/><T125/><D134/><N who="3" m="51209" /><G74/><T0/><D0/><N who="1" m="103" /><E75/><V32/><F65/><W115/><G115/><T93/><D125/><U34/><E51/><V100/><F100/><W55/><G55/><T132/><D132/><U50/><E50/><V47/><F47/><W64/><G64/><T122/><D129/><U80/><E79/><V114/><F114/><W97/><G97/><T21/><D96/><U116/><E44/><V59/><F59/><W60/><G60/><T1/><D56/><U103/><E62/><V70/><REACH who="2" step="1"/><F28/><REACH who="2" ten="300,310,114,266" step="2"/><W15/><G15/><T4/><D131/><U104/><E36/><V120/><F120/><W39/><G39/><T3/><D122/><U46/><E46/><V14/><F14/><W98/><G98/><T63/><D99/><U88/><E103/><V76/><F76/><W106/><G106/><T43/><D128/><U22/><E104/><V81/><AGARI ba="1,1" hai="25,30,32,68,70,71,81,84,87,89,90,95,105,107" machi="81" ten="30,7900,0" yaku="1,1,0,1,52,1,53,1" doraHai="27" doraHaiUra="31" who="2" fromWho="2" sc="300,-21,310,-21,114,92,266,-40" /><INIT seed="4,0,0,0,2,122" ten="279,289,206,226" oya="0" hai0="23,48,73,101,134,63,37,54,47,14,55,50,85" hai1="12,78,104,20,90,103,118,11,71,121,128,32,41" hai2="97,36,3,42,65,67,126,49,53,106,74,99,83" hai3="130,35,0,21,17,52,68,60,92,117,124,57,127"/><T120/><D73/><U16/><E121/><V27/><F3/><W31/><G117/><T39/><D120/><U111/><E118/><V115/><F36/><W9/><G130/><T76/><D134/><U38/><E32/><V1/><F42/><W5/><G68/><T70/><D101/><U26/><E71/><V19/><F1/><W132/><G132/><T91/><D76/><U66/><E66/><V113/><F126/><W109/><G109/><T88/><D63/><U44/><E128/><V56/><F19/><W100/><G100/><T13/><D70/><U69/><E69/><V94/><F106/><W64/><G64/><N who="2" m="24649" /><F27/><N who="3" m="18943" /><G92/><T79/><D79/><U108/><E78/><N who="2" m="44503" /><F94/><W119/><G119/><T98/><D98/><U8/><E90/><V2/><F2/><W93/><G93/><T125/><D23/><U112/><E112/><AGARI ba="0,0" hai="49,53,56,97,99,112,113,115" m="44503,24649" machi="112" ten="30,1000,0" yaku="15,1" doraHai="122" who="2" fromWho="1" sc="279,0,289,-10,206,10,226,0" /><INIT seed="5,0,0,5,3,35" ten="279,279,216,226" oya="1" hai0="64,26,13,82,119,25,10,130,48,97,44,34,67" hai1="123,92,19,17,1,31,120,59,16,21,78,42,63" hai2="66,87,132,110,129,77,108,23,24,54,101,14,7" hai3="43,111,114,28,51,60,98,71,18,75,62,52,65"/><U39/><E1/><V6/><F66/><W126/><G111/><T3/><D3/><U91/><E78/><V30/><F129/><W57/><G114/><T131/><D119/><U133/><E133/><V105/><F132/><W76/><G126/><T81/><D97/><U88/><E120/><V125/><F125/><W115/><G115/><T116/><D116/><U90/><E123/><V9/><F7/><W32/><G18/><N who="1" m="7274" /><E42/><V8/><F8/><W5/><G5/><T46/><D13/><N who="1" m="9455" /><E31/><V84/><F54/><W37/><G98/><T72/><D48/><U15/><E39/><V95/><F105/><W41/><G62/><T106/><D10/><U0/><E0/><V122/><F122/><W113/><G113/><T29/><D29/><U20/><E20/><V47/><F47/><N who="3" m="23983" /><G43/><T53/><D53/><N who="1" m="34287" /><E15/><V96/><REACH who="2" step="1"/><F77/><REACH who="2" ten="279,279,206,226" step="2"/><W86/><G76/><T36/><D106/><U4/><E4/><V118/><F118/><W73/><G65/><T103/><D64/><U22/><E22/><V50/><F50/><W102/><G51/><T79/><D67/><U45/><E45/><V70/><F70/><W135/><G71/><T61/><D44/><U112/><E112/><V124/><F124/><W127/><G127/><T128/><D46/><U117/><E117/><V109/><AGARI ba="0,1" hai="6,9,14,23,24,30,84,87,95,96,101,108,109,110" machi="109" ten="30,4000,0" yaku="1,1,0,1,53,1" doraHai="35" doraHaiUra="27" who="2" fromWho="2" sc="279,-10,279,-20,206,50,226,-10" /><INIT seed="6,0,0,0,4,33" ten="269,259,256,216" oya="2" hai0="39,94,24,57,78,50,120,22,70,99,79,4,31" hai1="88,52,124,131,26,37,82,8,80,51,16,23,104" hai2="64,19,61,66,7,118,0,75,117,72,129,60,5" hai3="110,101,111,63,68,126,41,38,15,134,97,56,121"/><V116/><F19/><W112/><G121/><T58/><D39/><U90/><E104/><V119/><F119/><W133/><G68/><T27/><D70/><U45/><E37/><V20/><F20/><W2/><G15/><T83/><D4/><N who="2" m="1610" /><F129/><W3/><G126/><T74/><D79/><U123/><E131/><V25/><F25/><W106/><G112/><T11/><D24/><U17/><E124/><V36/><F36/><W54/><G41/><T46/><D11/><U96/><E123/><V55/><F55/><W92/><G106/><T14/><D14/><N who="1" m="7239" /><E90/><V34/><F34/><W93/><G93/><AGARI ba="0,0" hai="17,23,26,45,51,52,80,82,88,93,96" m="7239" machi="93" ten="30,7700,0" yaku="8,1,54,3" doraHai="33" who="1" fromWho="3" sc="269,0,259,77,256,0,216,-77" /><INIT seed="7,0,0,2,4,104" ten="269,336,256,139" oya="3" hai0="105,43,132,118,84,8,42,91,97,2,116,77,126" hai1="115,36,93,108,6,90,38,18,17,78,31,79,7" hai2="22,59,129,102,87,96,48,135,112,53,16,73,72" hai3="92,52,34,71,76,107,62,3,109,120,89,44,69"/><W56/><G120/><T41/><D132/><U28/><E90/><V74/><F135/><W81/><G109/><T125/><D2/><U24/><E24/><V128/><F87/><W65/><G107/><T64/><D64/><U46/><E46/><V111/><F112/><W124/><G124/><N who="0" m="47723" /><D8/><U1/><E93/><V57/><F57/><W100/><G100/><N who="0" m="62607" /><D77/><U66/><E66/><V67/><F67/><W75/><G3/><T80/><AGARI ba="0,0" hai="41,42,43,80,84,91,116,118" m="62607,47723" machi="80" ten="30,1100,0" yaku="18,1" doraHai="104" who="0" fromWho="0" sc="269,11,336,-3,256,-3,139,-5" owari="280,8.0,333,44.0,253,-15.0,134,-37.0" /></mjloggm>