<mjloggm ver="2.3"><GO type="169" lobby="0"/><UN n0="%74%6F%69%74%6F%69%34" n1="%E5%B1%B1%E7%94%B0%E3%81%AE%E3%83%90%E3%83%8A%E3%83%8A" n2="%65%72%61%6E%76%69%74%61" n3="%E3%82%BF%E3%82%B1%E3%83%A4%E3%83%9E" dan="16,16,16,17" rate="2061.80,2137.38,2147.48,2201.96" sx="M,M,M,M"/><TAIKYOKU oya="0"/><INIT seed="0,0,0,3,0,45" ten="250,250,250,250" oya="0" hai0="101,32,10,126,107,122,33,81,66,74,20,40,5" hai1="61,52,105,1,59,14,75,90,47,106,135,0,24" hai2="71,62,100,36,91,63,95,9,128,17,115,7,134" hai3="65,120,58,70,37,55,42,11,133,13,125,43,73"/><T92/><D122/><U50/><E75/><V123/><F36/><W94/><G73/><T119/><D119/><U77/><E77/><V8/><F115/><W48/><G133/><T30/><D126/><U26/><E135/><V113/><F113/><W76/><G125/><T64/><D107/><U116/><E116/><V46/><F123/><W22/><G120/><T109/><D20/><U114/><E114/><V129/><F134/><W34/><G34/><T3/><D101/><U88/><E105/><V23/><F100/><W97/><G76/><N who="0" m="44183" /><D92/><U29/><E106/><V108/><F46/><W124/><G124/><T69/><D30/><U98/><E1/><V44/><F44/><W117/><G117/><T72/><D72/><U102/><E0/><N who="2" m="103" /><F9/><W84/><G84/><T25/><D25/><N who="1" m="9835" /><E29/><V118/><F71/><W49/><G37/><T93/><D93/><N who="1" m="58703" /><E14/><N who="2" m="9655" /><F118/><W31/><G70/><T86/><D69/><U56/><E56/><V80/><F80/><W2/><G2/><T68/><D68/><U67/><AGARI ba="0,0" hai="47,50,52,59,61,67,88,90" m="58703,9835" machi="67" ten="30,7900,0" yaku="8,1,52,1,54,2" doraHai="45" who="1" fromWho="1" sc="250,-39,250,79,250,-20,250,-20" /><INIT seed="1,0,0,0,5,125" ten="211,329,230,230" oya="1" hai0="118,1,132,117,46,3,39,110,52,49,89,51,58" hai1="109,84,74,9,0,120,70,106,94,50,116,104,33" hai2="27,92,77,98,42,14,22,4,21,130,97,43,19" hai3="29,73,15,133,127,56,65,66,13,102,7,67,100"/><U88/><E70/><V131/><F77/><W48/><G73/><T16/><D39/><U18/><E116/><V35/><F35/><W45/><G127/><T53/><D132/><U101/><E120/><V28/><F4/><W41/><G133/><T12/><D110/><U31/><E74/><V24/><F14/><W23/><G56/><T60/><D60/><U93/><E109/><V81/><F81/><W10/><REACH who="3" step="1"/><G13/><REACH who="3" ten="211,329,230,220" step="2"/><T17/><D3/><U47/><E0/><V32/><F32/><W78/><G78/><T2/><D1/><U112/><E33/><V135/><F135/><W80/><G80/><T115/><D2/><U37/><E112/><V90/><REACH who="2" step="1"/><F98/><REACH who="2" ten="211,329,220,220" step="2"/><W99/><G99/><T134/><D115/><U122/><E122/><V119/><F119/><W86/><G86/><T72/><D134/><U103/><E84/><V30/><F30/><W54/><G54/><T57/><D72/><U36/><E31/><V69/><F69/><W121/><G121/><T128/><D12/><U124/><E124/><V83/><F83/><W61/><G61/><T105/><D118/><U55/><E55/><V107/><F107/><W96/><G96/><T123/><D105/><U40/><E106/><V26/><F26/><AGARI ba="0,2" hai="7,10,15,23,26,29,41,45,48,65,66,67,100,102" machi="26" ten="40,5200,0" yaku="1,1,8,1,53,1" doraHai="125" doraHaiUra="20" who="3" fromWho="2" sc="211,0,329,0,220,-52,220,72" /><INIT seed="2,0,0,1,4,103" ten="211,329,168,292" oya="2" hai0="18,81,76,55,90,21,14,135,77,40,78,41,49" hai1="125,34,117,87,67,61,127,5,9,114,133,108,95" hai2="1,79,15,100,63,16,25,69,4,64,74,88,44" hai3="52,98,89,94,128,7,30,97,124,132,85,105,115"/><V58/><F1/><W66/><G128/><T19/><D135/><U126/><E114/><V3/><F3/><W131/><G131/><T102/><D102/><U119/><E34/><V12/><F74/><W36/><G36/><T71/><D71/><U107/><E107/><V26/><F79/><W83/><G66/><T129/><D129/><U62/><E108/><V38/><F100/><W121/><G121/><T24/><D90/><N who="1" m="53727" /><E133/><V92/><F69/><W35/><G132/><T122/><D81/><U0/><E62/><V22/><F44/><W39/><G39/><T82/><D82/><U120/><E120/><V13/><F38/><W33/><G7/><T93/><D93/><U45/><E45/><V42/><F25/><W51/><G124/><T104/><D104/><U27/><E27/><V116/><F42/><W112/><G105/><T32/><D122/><U37/><E37/><V8/><F116/><W118/><G118/><T110/><D110/><U17/><E17/><V2/><F2/><W54/><G30/><T68/><D68/><AGARI ba="0,0" hai="0,5,9,61,67,68,117,119,125,126,127" m="53727" machi="68" ten="30,1000,0" yaku="18,1" doraHai="103" who="1" fromWho="0" sc="211,-10,329,10,168,0,292,0" /><INIT seed="3,0,0,4,3,92" ten="201,339,168,292" oya="3" hai0="68,42,22,37,15,55,43,34,47,54,100,81,133" hai1="13,128,10,33,131,58,77,50,72,101,88,123,21" hai2="103,19,30,25,52,38,78,67,26,2,48,20,96" hai3="73,39,11,84,135,132,87,115,118,46,62,36,51"/><W0/><G118/><T1/><D1/><U79/><E33/><V12/><F38/><W125/><G73/><T98/><D34/><U97/><E72/><V112/><F2/><W9/><G62/><T102/><D68/><U32/><E32/><V130/><F112/><W35/><G35/><T71/><D71/><U74/><E21/><V99/><F130/><W75/><G75/><T121/><D121/><U7/><E74/><V60/><F78/><W45/><G0/><T109/><D43/><U94/><E123/><V40/><F40/><W44/><G51/><T16/><D133/><N who="3" m="51273" /><G115/><T120/><D120/><U53/><E101/><V111/><F103/><W86/><G125/><T127/><D127/><U122/><E122/><V49/><F49/><W61/><G61/><T8/><D109/><U28/><E28/><V116/><F111/><W24/><G24/><N who="2" m="9321" /><F30/><W107/><G107/><T3/><D102/><U110/><E110/><V117/><F117/><W31/><G31/><T104/><REACH who="0" step="1"/><D81/><REACH who="0" ten="191,339,168,292" step="2"/><U64/><E131/><V70/><F70/><W65/><G65/><T56/><D56/><N who="1" m="32823" /><E128/><V83/><F116/><W41/><G41/><T113/><D113/><U27/><E27/><V17/><F83/><W124/><G124/><T18/><D18/><U5/><E5/><AGARI ba="0,1" hai="3,5,8,15,16,22,37,42,47,54,55,98,100,104" machi="5" ten="40,5200,0" yaku="1,1,52,1,54,1,53,0" doraHai="92" doraHaiUra="82" who="0" fromWho="1" sc="191,62,339,-52,168,0,292,0" /><INIT seed="4,0,0,1,3,15" ten="253,287,168,292" oya="0" hai0="31,112,1,20,24,59,72,66,64,90,135,82,123" hai1="93,32,40,81,115,12,121,85,111,116,6,23,41" hai2="99,3,18,70,119,35,68,80,114,102,25,107,129" hai3="63,28,47,96,88,77,127,16,55,26,34,128,48"/><T53/><D123/><U95/><E111/><V11/><F114/><W73/><G128/><T29/><D112/><U79/><E32/><V43/><F129/><W58/><G127/><T60/><D1/><U84/><E116/><V19/><F119/><W108/><G108/><T92/><D135/><U110/><E110/><V67/><F43/><W56/><G73/><T113/><D113/><U54/><E121/><V57/><F57/><W120/><G120/><T130/><D130/><U131/><E131/><V0/><F80/><W87/><G77/><T100/><D72/><U122/><E122/><V98/><F98/><W61/><G96/><N who="0" m="59399" /><D31/><U9/><E115/><V103/><F103/><W94/><G58/><T71/><D71/><U117/><E117/><V51/><F51/><W14/><G56/><T118/><D118/><U45/><E23/><AGARI ba="0,0" hai="14,16,23,26,28,34,47,48,55,61,63,87,88,94" machi="23" ten="30,7700,0" yaku="7,1,52,1,54,2" doraHai="15" who="3" fromWho="1" sc="253,0,287,-77,168,0,292,77" /><INIT seed="5,0,0,3,2,123" ten="253,210,168,369" oya="1" hai0="119,67,41,3,2,72,78,6,52,30,54,57,35" hai1="33,23,37,94,39,122,80,90,79,47,9,134,4" hai2="85,114,98,73,40,109,133,18,66,13,53,127,46" hai3="14,100,84,87,83,130,75,96,105,28,10,31,51"/><U118/><E118/><V63/><F73/><W16/><G130/><T8/><D119/><U112/><E33/><V82/><F109/><W42/><G75/><T92/><D2/><U128/><E122/><V27/><F127/><W17/><G84/><T102/><D35/><U89/><E128/><V22/><F133/><W86/><G86/><T48/><D30/><U64/><E112/><V55/><F114/><W62/><G62/><T132/><D132/><U32/><E32/><V11/><F98/><W45/><REACH who="3" step="1"/><G17/><REACH who="3" ten="253,210,168,359" step="2"/><T7/><D72/><U36/><E134/><V21/><F63/><W50/><G50/><T107/><D48/><U1/><E39/><V76/><F66/><W108/><G108/><T81/><D67/><U0/><E37/><V95/><F85/><W121/><G121/><T19/><D19/><U97/><E64/><V5/><F76/><AGARI ba="0,1" hai="10,14,16,28,31,42,45,51,76,83,87,96,100,105" machi="76" ten="30,8000,1" yaku="1,1,7,1,54,1,53,2" doraHai="123" doraHaiUra="25" who="3" fromWho="2" sc="253,0,210,0,168,-80,359,90" /><INIT seed="6,0,0,5,0,69" ten="253,210,88,449" oya="2" hai0="62,9,120,54,15,71,60,66,72,8,74,131,101" hai1="88,116,19,23,113,82,89,117,27,119,129,90,17" hai2="2,20,41,58,22,24,64,57,42,94,55,5,49" hai3="18,77,63,7,125,103,134,28,67,56,34,31,123"/><V73/><F73/><W78/><G123/><T13/><D120/><U32/><E113/><V112/><F112/><W16/><G7/><T47/><D101/><U121/><E129/><V14/><F2/><W83/><G103/><T11/><D131/><U81/><E121/><V46/><F42/><W95/><G95/><T126/><D126/><U76/><E32/><V97/><F64/><W0/><G0/><T59/><D47/><U25/><E76/><V43/><F43/><W118/><G118/><T36/><D36/><U3/><E3/><V124/><F124/><W115/><G115/><T96/><D96/><U48/><E48/><V39/><F58/><W109/><G109/><T92/><D92/><U104/><E104/><V110/><F110/><W107/><G107/><T68/><D68/><U84/><E84/><V98/><F98/><W38/><G38/><T111/><D111/><U93/><E93/><V70/><F70/><W87/><G78/><T91/><D91/><U26/><E23/><V85/><F85/><W10/><G34/><T12/><AGARI ba="0,0" hai="8,9,11,12,13,15,54,59,60,62,66,71,72,74" machi="12" ten="30,1100,0" yaku="0,1" doraHai="69" who="0" fromWho="0" sc="253,11,210,-3,88,-5,449,-3" /><INIT seed="7,0,0,2,2,80" ten="264,207,83,446" oya="3" hai0="131,133,66,52,35,88,70,127,79,3,69,11,50" hai1="134,22,6,28,100,118,121,84,23,31,75,32,120" hai2="99,16,7,119,13,86,57,108,54,130,77,101,39" hai3="104,128,98,49,74,114,82,93,46,112,12,72,48"/><W71/><G71/><T89/><D79/><U115/><E75/><V116/><F39/><W95/><G104/><T135/><D35/><U67/><E67/><V105/><F108/><W24/><G128/><T42/><D42/><U73/><E73/><V60/><F130/><W123/><G123/><T17/><D131/><U109/><E100/><V21/><F7/><W9/><G24/><T38/><D38/><U125/><E109/><V132/><F132/><W18/><G95/><T19/><D66/><U117/><E84/><V106/><F106/><W91/><G48/><T55/><D50/><U97/><E97/><V41/><F41/><N who="3" m="24783" /><G82/><T59/><D59/><U36/><E36/><V107/><F107/><W78/><G78/><T8/><D3/><U0/><E125/><AGARI ba="0,0" hai="8,11,17,19,52,55,69,70,88,89,125,127,133,135" machi="125" ten="25,6400,0" yaku="22,2,54,2" doraHai="80" who="0" fromWho="1" sc="264,64,207,-64,83,0,446,0" owari="328,13.0,143,-26.0,83,-42.0,446,55.0" /></mjloggm>