<mjloggm ver="2.3"><GO type="169" lobby="0"/><UN n0="%E2%80%A0%E7%99%BD%E5%85%8E%E2%80%A0" n1="%E3%81%A1%E3%82%83%E3%81%93%E3%81%93" n2="%E6%97%85%E9%A4%A8%E5%B1%8B" n3="%E3%81%84%E3%81%9F%E3%83%92%E3%83%AD" dan="17,16,16,17" rate="2184.71,2112.48,2033.19,2190.04" sx="M,F,M,M"/><TAIKYOKU oya="0"/><INIT seed="0,0,0,4,0,43" ten="250,250,250,250" oya="0" hai0="25,108,125,58,99,16,57,31,9,18,19,20,112" hai1="60,62,115,75,89,61,40,35,65,47,39,13,51" hai2="52,34,30,83,53,122,134,55,119,28,64,114,118" hai3="71,133,124,100,44,59,128,129,120,111,116,54,109"/><T41/><D112/><U85/><E35/><V80/><F114/><W63/><G100/><T92/><D125/><U12/><E75/><V8/><F122/><W14/><G14/><T32/><D32/><U11/><E115/><V84/><F64/><N who="3" m="41375" /><G124/><T127/><D127/><U67/><E39/><V95/><F34/><W131/><G120/><T132/><D132/><U38/><E38/><V94/><F8/><W78/><G78/><T130/><D130/><U45/><E45/><V102/><F134/><W103/><G103/><T104/><D104/><U105/><E105/><V76/><F102/><W123/><G123/><T2/><D108/><N who="3" m="41545" /><G133/><T70/><D70/><U110/><E110/><V91/><F83/><W101/><G101/><N who="0" m="60647" /><D2/><U27/><E27/><V126/><F126/><W90/><G90/><T36/><D36/><U22/><E22/><V86/><REACH who="2" step="1"/><F95/><REACH who="2" ten="250,250,240,250" step="2"/><W88/><G116/><AGARI ba="0,1" hai="28,30,52,53,55,76,80,84,86,91,94,116,118,119" machi="116" ten="40,12000,2" yaku="1,1,2,1,12,1,54,1,53,2" doraHai="43" doraHaiUra="82" who="2" fromWho="3" sc="250,0,250,0,240,130,250,-120" /><INIT seed="1,0,0,4,2,47" ten="250,250,370,130" oya="1" hai0="40,134,2,55,95,7,24,110,64,4,18,76,119" hai1="117,15,19,48,123,109,77,93,43,96,135,72,113" hai2="25,42,88,111,124,122,66,59,61,12,87,37,46" hai3="103,14,69,33,26,84,81,3,98,90,70,82,91"/><U121/><E117/><V20/><F111/><W75/><G3/><T102/><D119/><U125/><E113/><V97/><F124/><W94/><G75/><T63/><D110/><U53/><E109/><V31/><F122/><W28/><G14/><T30/><D134/><U114/><E114/><V130/><F130/><W22/><REACH who="3" step="1"/><G33/><REACH who="3" ten="250,250,370,120" step="2"/><T67/><D2/><U45/><E125/><V112/><F112/><W80/><G80/><T89/><D4/><U52/><E135/><V92/><F12/><W83/><G83/><T17/><D7/><U79/><E72/><V35/><F35/><W21/><G21/><T120/><D120/><U85/><E121/><V34/><F34/><W9/><G9/><T131/><D131/><U56/><E123/><V118/><F118/><W108/><G108/><T8/><D8/><N who="1" m="6631" /><E79/><V106/><F20/><W60/><G60/><T115/><D63/><N who="1" m="36231" /><E77/><V133/><F133/><W38/><G38/><T54/><D76/><U132/><E132/><V73/><F73/><W23/><G23/><T129/><D129/><U107/><E107/><V57/><F106/><W71/><G71/><T27/><D115/><U128/><E128/><V100/><F37/><W5/><G5/><T50/><D24/><U65/><E65/><V127/><F66/><W1/><G1/><T101/><D67/><U32/><E32/><V10/><F10/><W11/><G11/><T0/><D64/><U13/><E13/><V86/><F61/><W126/><G126/><T41/><D0/><U116/><E116/><V68/><F127/><W6/><G6/><T51/><D27/><RYUUKYOKU ba="0,1" sc="250,-10,250,-10,370,-10,120,30" hai3="22,26,28,69,70,81,82,84,90,91,94,98,103" /><INIT seed="2,1,1,3,5,46" ten="240,240,360,150" oya="2" hai0="32,17,45,117,14,105,25,43,114,104,118,41,128" hai1="36,64,23,80,71,125,86,24,87,123,72,130,115" hai2="61,135,0,13,29,98,59,99,2,93,108,111,26" hai3="83,91,94,112,51,62,5,95,101,58,126,122,129"/><V102/><F135/><W127/><G122/><T78/><D114/><U124/><E36/><V54/><F13/><W97/><G112/><T106/><D128/><U50/><E123/><V96/><F96/><W19/><G129/><T47/><D78/><U9/><E115/><V68/><F68/><W37/><G37/><T11/><D32/><U16/><E130/><V6/><F6/><W55/><G83/><T63/><D63/><U60/><E9/><V107/><F107/><W100/><G5/><T18/><D25/><U39/><E39/><V103/><F98/><W84/><G101/><T88/><D18/><U77/><REACH who="1" step="1"/><E50/><REACH who="1" ten="240,230,360,150" step="2"/><V48/><F48/><W12/><REACH who="3" step="1"/><G62/><REACH who="3" ten="240,230,360,140" step="2"/><T110/><D118/><U8/><E8/><AGARI ba="1,3" hai="8,12,19,51,55,58,84,91,94,95,97,100,126,127" machi="8" ten="40,8000,1" yaku="1,1,2,1,52,1,53,1" doraHai="46" doraHaiUra="49" who="3" fromWho="1" sc="240,0,230,-83,360,0,140,113" /><INIT seed="3,0,0,4,5,71" ten="240,147,360,253" oya="3" hai0="93,48,82,88,89,49,117,81,73,58,42,63,55" hai1="69,59,5,133,130,28,57,8,4,41,17,121,132" hai2="98,36,103,80,22,110,102,26,120,127,106,65,1" hai3="39,62,96,32,104,19,6,21,56,61,60,97,44"/><W70/><G32/><T7/><D117/><U50/><E69/><V46/><F1/><W18/><G70/><T12/><D73/><U13/><E121/><V14/><F65/><W87/><G6/><T67/><D42/><U29/><E130/><V124/><F110/><W90/><G104/><T15/><D49/><U0/><E41/><N who="2" m="22823" /><F120/><W129/><G129/><T108/><D108/><U16/><E50/><V126/><F80/><W37/><G56/><T83/><D7/><N who="1" m="2635" /><E57/><V43/><F43/><W53/><G53/><T101/><D101/><U107/><E59/><V11/><F103/><W112/><G112/><T125/><D89/><U105/><E105/><V40/><F40/><W47/><G21/><T118/><D125/><U116/><E107/><V99/><F102/><W38/><G87/><T76/><D76/><U24/><E116/><V68/><F68/><W123/><G90/><T33/><D33/><N who="1" m="20615" /><E0/><V134/><F106/><W54/><G54/><T95/><D95/><U77/><E77/><V128/><F128/><W131/><G123/><T113/><D118/><U25/><E17/><N who="3" m="6154" /><G131/><T2/><D2/><U91/><E91/><V75/><F124/><W115/><G115/><T86/><D113/><U10/><E10/><V92/><F11/><W9/><G9/><T100/><D100/><U45/><E45/><AGARI ba="0,0" hai="37,38,39,44,45,47,60,61,62,96,97" m="6154" machi="45" ten="40,12000,1" yaku="28,2,52,3" doraHai="71" who="3" fromWho="1" sc="240,0,147,-120,360,0,253,120" /><AGARI ba="0,0" hai="12,15,45,48,55,58,63,67,81,82,83,86,88,93" machi="45" ten="40,2600,0" yaku="8,1,54,1" doraHai="71" who="0" fromWho="1" sc="240,26,27,-26,360,0,373,0" /><INIT seed="3,1,0,3,5,123" ten="266,1,360,373" oya="3" hai0="111,88,70,124,32,41,59,54,82,76,107,21,100" hai1="104,30,53,118,23,93,44,74,2,64,127,120,134" hai2="58,12,132,89,113,101,78,43,109,38,36,40,35" hai3="77,85,45,8,4,63,105,116,51,106,57,19,11"/><W28/><G116/><T1/><D70/><U61/><E104/><V135/><F113/><W72/><G72/><T92/><D32/><U20/><E120/><V49/><F35/><W131/><G131/><T60/><D1/><U103/><E2/><V26/><F101/><W65/><G106/><T66/><D124/><U87/><E74/><V56/><F26/><W29/><G105/><T84/><D41/><N who="2" m="15946" /><F78/><W117/><G117/><T18/><D107/><U71/><E134/><N who="2" m="51243" /><F89/><W73/><G73/><T0/><D0/><U79/><E127/><V48/><F12/><N who="3" m="7583" /><G8/><T114/><D114/><U37/><E118/><V14/><F109/><W15/><G15/><T75/><D100/><U133/><E133/><V129/><F14/><W97/><G4/><T83/><D83/><N who="1" m="47615" /><E37/><N who="2" m="14443" /><F129/><W17/><G97/><T91/><D91/><U90/><E103/><V125/><F125/><W46/><G17/><T34/><D34/><U39/><E39/><V22/><F22/><W5/><G5/><T68/><D18/><U16/><E30/><V47/><F47/><W94/><G46/><T62/><REACH who="0" step="1"/><D21/><REACH who="0" ten="256,1,360,373" step="2"/><U33/><E33/><V110/><F110/><AGARI ba="1,1" hai="54,59,60,62,66,68,75,76,82,84,88,92,110,111" machi="110" ten="40,8000,1" yaku="1,1,2,1,52,2,54,1,53,0" doraHai="123" doraHaiUra="98" who="0" fromWho="2" sc="256,93,1,0,360,-83,373,0" /><INIT seed="4,0,0,1,2,96" ten="349,1,277,373" oya="0" hai0="8,37,56,80,15,76,11,27,115,38,17,73,98" hai1="54,10,61,109,3,114,42,113,65,130,19,64,72" hai2="45,32,97,13,105,91,51,55,67,41,107,71,84" hai3="18,119,31,58,94,102,44,93,131,62,68,81,33"/><T92/><D115/><N who="1" m="44043" /><E109/><V74/><F32/><W34/><G119/><T6/><D56/><N who="1" m="34967" /><E72/><V123/><F123/><W101/><G68/><T66/><D66/><N who="1" m="25707" /><E3/><V24/><F74/><W46/><G81/><T124/><D124/><U110/><E110/><V12/><F24/><W14/><G131/><T20/><REACH who="0" step="1"/><D11/><REACH who="0" ten="339,1,277,373" step="2"/><U87/><E130/><V100/><F105/><W103/><G46/><T83/><D83/><U104/><E104/><V30/><F30/><W95/><G44/><T127/><D127/><U5/><E42/><V128/><F128/><W53/><REACH who="3" step="1"/><G31/><REACH who="3" ten="339,1,277,363" step="2"/><T99/><D99/><U121/><E121/><V135/><F41/><W23/><AGARI ba="0,2" hai="14,18,23,33,34,53,58,62,93,94,95,101,102,103" machi="23" ten="30,12000,2" yaku="1,1,2,1,0,1,52,3,53,0" doraHai="96" doraHaiUra="106" who="3" fromWho="3" sc="339,-60,1,-30,277,-30,363,140" owari="279,8.0,-29,-53.0,247,-15.0,503,60.0" /></mjloggm>