<mjloggm ver="2.3"><GO type="169" lobby="0"/><UN n0="%E3%81%86%E3%81%91%E3%81%AA%E3%81%8C%E3%81%99%E3%81%9C" n1="%E7%89%8C%E5%BB%83%E4%BA%BA" n2="%E3%81%9F%E3%81%8F%E3%81%98%E3%82%8D%E3%81%86" n3="%E3%83%8C%E3%83%83%E3%82%AD%E3%83%BC%E3%83%8A" dan="16,17,18,16" rate="2093.14,2150.45,2200.80,2167.06" sx="F,M,M,F"/><TAIKYOKU oya="0"/><INIT seed="0,0,0,5,2,107" ten="250,250,250,250" oya="0" hai0="80,112,71,59,48,6,74,18,32,55,131,85,87" hai1="20,89,46,84,37,109,106,36,39,29,19,111,92" hai2="7,15,75,128,65,81,41,69,78,13,103,133,100" hai3="73,25,70,30,58,72,53,23,135,45,16,61,77"/><T83/><D112/><U102/><E29/><V88/><F41/><W52/><G70/><T27/><D71/><U119/><E119/><V91/><F69/><W116/><G116/><T67/><D131/><U35/><E35/><V22/><F65/><W79/><G135/><T0/><D67/><U2/><E2/><V122/><F122/><W21/><G79/><T1/><D6/><U113/><E113/><V33/><F33/><W93/><G77/><T66/><D66/><U3/><E3/><V42/><F42/><W132/><G132/><T11/><D11/><U63/><E63/><V51/><F128/><W125/><G125/><T105/><D105/><U115/><E115/><V99/><F103/><W86/><G86/><T108/><D108/><N who="1" m="41547" /><E102/><V64/><F64/><W5/><G5/><T96/><D32/><U82/><E106/><V121/><F121/><W56/><G93/><T28/><D28/><U76/><E46/><V90/><F133/><W101/><G45/><T44/><D44/><U110/><E110/><V60/><F60/><W31/><G101/><T126/><D126/><U120/><E120/><V94/><F51/><W68/><G68/><T62/><D48/><U114/><E114/><V10/><REACH who="2" step="1"/><F22/><REACH who="2" ten="250,250,240,250" step="2"/><W124/><G124/><T40/><D40/><U130/><E130/><V127/><F127/><W129/><G129/><T123/><D62/><U17/><E20/><V38/><F38/><W50/><REACH who="3" step="1"/><G23/><REACH who="3" ten="250,250,240,240" step="2"/><T12/><D123/><U95/><E95/><V8/><F8/><W117/><G117/><T24/><D59/><U97/><AGARI ba="0,2" hai="17,19,36,37,39,76,82,84,89,92,97" m="41547" machi="97" ten="40,1500,0" yaku="14,1" doraHai="107" who="1" fromWho="1" sc="250,-7,250,35,240,-4,240,-4" /><INIT seed="1,0,0,5,1,24" ten="243,285,236,236" oya="1" hai0="47,13,54,46,71,83,116,90,34,7,56,41,128" hai1="50,99,135,65,15,43,118,48,66,114,107,64,62" hai2="60,21,123,68,67,106,52,45,25,0,110,134,126" hai3="89,37,16,38,3,73,120,104,11,133,2,103,74"/><U49/><E114/><V91/><F123/><W39/><G120/><T93/><D116/><U63/><E118/><V113/><F0/><N who="3" m="43" /><G133/><T112/><D112/><U27/><E135/><V10/><F113/><W32/><G32/><T121/><D121/><U129/><E129/><V124/><F106/><W130/><G130/><T44/><D128/><U85/><E107/><V29/><F134/><W108/><G108/><T84/><D34/><U105/><E105/><V75/><F110/><W87/><G104/><T96/><D71/><U55/><E99/><V76/><F10/><W5/><G5/><T88/><D7/><U122/><E122/><V26/><F91/><W4/><G4/><T17/><D41/><U95/><E43/><V58/><F45/><W53/><G53/><T115/><D115/><U23/><E15/><V59/><F59/><W119/><G119/><T132/><D132/><U79/><E55/><V102/><F102/><W109/><G109/><T77/><D77/><U51/><N who="1" m="12288" /><DORA hai="20" /><U94/><E79/><V18/><F68/><W82/><G103/><T86/><D96/><U70/><E70/><V36/><F36/><W78/><G78/><T28/><D54/><U61/><E85/><V35/><REACH who="2" step="1"/><F67/><REACH who="2" ten="243,285,226,236" step="2"/><W30/><G38/><T57/><D57/><U97/><REACH who="1" step="1"/><E97/><REACH who="1" ten="243,275,226,236" step="2"/><V80/><AGARI ba="0,2" hai="18,21,25,26,29,35,52,58,60,75,76,80,124,126" machi="80" ten="30,12000,2" yaku="1,1,2,1,0,1,52,3,54,1,53,0" doraHai="24,20" doraHaiUra="131,100" who="2" fromWho="2" sc="243,-30,275,-60,226,140,236,-30" /><INIT seed="2,0,0,3,3,124" ten="213,215,366,206" oya="2" hai0="50,16,109,127,116,98,94,22,100,115,101,36,64" hai1="82,33,2,105,24,25,107,118,77,15,61,131,93" hai2="45,71,128,56,65,67,86,114,134,73,79,60,81" hai3="106,21,47,123,74,26,53,8,96,62,13,28,6"/><V90/><F114/><W85/><G74/><T29/><D115/><U30/><E118/><V42/><F134/><W19/><G123/><T12/><D36/><U37/><E2/><V46/><F46/><W35/><G85/><T125/><D116/><U76/><E37/><V40/><F40/><W130/><G130/><T3/><D3/><U102/><E77/><V17/><F17/><W14/><G62/><T27/><D109/><U103/><E15/><V84/><F84/><W51/><REACH who="3" step="1"/><G96/><REACH who="3" ten="213,215,366,196" step="2"/><T0/><D0/><U97/><E61/><V91/><F73/><W87/><G87/><T58/><D101/><U72/><E103/><V132/><F128/><W34/><G34/><T110/><D110/><U38/><E131/><V23/><F86/><W63/><G63/><N who="0" m="38007" /><D50/><U69/><E38/><V95/><F60/><W52/><G52/><T89/><D89/><U4/><E69/><V59/><F91/><W135/><G135/><T108/><D108/><U83/><E82/><V122/><F81/><W120/><G120/><T1/><D1/><U99/><E97/><V66/><F132/><W48/><G48/><T70/><D70/><U9/><E72/><V39/><F122/><W57/><G57/><N who="2" m="22089" /><F71/><W112/><G112/><T111/><D111/><U88/><E102/><V41/><F41/><W54/><G54/><T20/><AGARI ba="0,1" hai="12,16,20,22,27,29,94,98,100,125,127" m="38007" machi="20" ten="30,2000,0" yaku="25,1,54,1" doraHai="124" who="0" fromWho="0" sc="213,30,215,-5,366,-10,196,-5" /><INIT seed="3,0,0,0,4,33" ten="243,210,356,191" oya="3" hai0="95,56,63,117,121,72,18,37,19,21,108,118,38" hai1="25,80,42,111,10,129,77,4,67,65,58,83,20" hai2="89,70,79,32,14,81,106,91,64,6,49,86,39" hai3="96,99,75,29,87,0,62,112,102,45,17,134,98"/><W131/><G75/><T13/><D121/><U133/><E111/><V116/><F39/><W120/><G120/><T69/><D108/><U66/><E133/><V2/><F106/><W54/><G112/><T68/><D72/><U115/><E115/><V59/><F116/><W43/><G134/><T50/><D50/><U94/><E129/><V9/><F32/><W48/><G131/><T76/><D76/><U34/><E34/><V100/><F100/><W52/><G29/><T124/><D124/><U22/><E42/><V73/><F73/><W122/><G122/><T12/><D56/><U61/><E94/><V71/><F14/><W1/><G102/><T16/><D95/><U123/><E123/><V27/><F27/><W119/><G119/><N who="0" m="45579" /><D21/><U51/><E51/><V24/><F24/><W23/><G87/><T128/><D63/><U47/><E47/><V97/><F97/><W114/><G114/><T82/><D82/><U110/><E22/><V26/><F26/><W132/><G132/><T88/><D88/><U40/><E40/><V11/><F11/><W53/><REACH who="3" step="1"/><G62/><REACH who="3" ten="243,210,356,181" step="2"/><T78/><D128/><U74/><E110/><V130/><F130/><W101/><G101/><T126/><D126/><U35/><E74/><V31/><F31/><W135/><G135/><T3/><D78/><U46/><E77/><V84/><F79/><W103/><G103/><T5/><D38/><U8/><E61/><N who="2" m="37951" /><F49/><W15/><AGARI ba="0,1" hai="0,1,15,17,23,43,45,48,52,53,54,96,98,99" machi="15" ten="30,12000,1" yaku="1,1,0,1,52,2,54,1,53,0" doraHai="33" doraHaiUra="60" who="3" fromWho="3" sc="243,-40,210,-40,356,-40,181,130" /><INIT seed="3,1,0,3,0,97" ten="203,170,316,311" oya="3" hai0="45,58,38,105,3,79,121,100,48,49,113,7,75" hai1="59,60,62,77,64,116,71,68,94,34,89,36,35" hai2="31,123,76,101,118,110,56,33,27,85,88,70,108" hai3="104,29,115,54,13,117,55,128,83,12,44,122,18"/><W0/><G122/><T28/><D121/><U112/><E112/><V9/><F70/><W82/><G115/><T92/><D113/><U74/><E36/><V93/><F123/><W40/><G117/><T46/><D105/><U32/><E116/><V37/><F118/><W22/><G0/><T1/><D28/><U80/><REACH who="1" step="1"/><E62/><REACH who="1" ten="203,160,316,311" step="2"/><V99/><F37/><W129/><G129/><T23/><D38/><U20/><E20/><V25/><F33/><W67/><G128/><T86/><D23/><U134/><E134/><V73/><F110/><W10/><G22/><T16/><D1/><U78/><E78/><V19/><F108/><W131/><G131/><T26/><D79/><U30/><E30/><V119/><F31/><W4/><G29/><T65/><D3/><U124/><E124/><V39/><F39/><W6/><G6/><T2/><D7/><U43/><E43/><V69/><F76/><W107/><G4/><T61/><D2/><U11/><E11/><V63/><F9/><W120/><G120/><T90/><D16/><U42/><E42/><V133/><F19/><W106/><G18/><T8/><D8/><U111/><E111/><V103/><F119/><W14/><G10/><T96/><D49/><U17/><E17/><V51/><F51/><W114/><G114/><T98/><D26/><U15/><E15/><V50/><F25/><W47/><G40/><T24/><D48/><U21/><E21/><V84/><F27/><W53/><G67/><T41/><D41/><U66/><E66/><V91/><F50/><W132/><G132/><T57/><D65/><RYUUKYOKU ba="1,1" sc="203,-15,160,15,316,-15,311,15" hai1="32,34,35,59,60,64,68,71,74,77,80,89,94" hai3="12,13,14,44,47,53,54,55,82,83,104,106,107" /><INIT seed="3,2,1,1,2,119" ten="188,175,301,326" oya="3" hai0="4,29,68,71,30,8,5,90,34,93,0,21,124" hai1="39,25,1,38,3,60,10,123,54,78,11,64,49" hai2="75,27,115,102,53,58,89,120,88,114,83,96,103" hai3="59,52,65,85,20,18,125,51,79,43,98,101,57"/><W22/><G125/><T67/><D124/><U135/><E78/><N who="2" m="44511" /><F27/><W86/><G43/><T26/><D30/><U62/><E25/><V63/><F103/><W33/><G33/><T37/><D37/><U76/><E76/><V55/><F55/><W24/><G79/><T7/><D34/><U9/><E135/><V56/><F56/><W105/><REACH who="3" step="1"/><G22/><REACH who="3" ten="188,175,301,316" step="2"/><T2/><D8/><U12/><E11/><V16/><F115/><W70/><G70/><T44/><D71/><U14/><E10/><V113/><F113/><W92/><G92/><T87/><D44/><U82/><E9/><V31/><F114/><W107/><G107/><T133/><D133/><U129/><E82/><V118/><F118/><W134/><G134/><T28/><D28/><U116/><E116/><V15/><F31/><W77/><G77/><T97/><D2/><U69/><E69/><V104/><F104/><W32/><G32/><T111/><D0/><U23/><E23/><V61/><F58/><W6/><G6/><T130/><D68/><U95/><E95/><V47/><F47/><W46/><G46/><T80/><D4/><U109/><E3/><V122/><F122/><W100/><G100/><T73/><D7/><U42/><E1/><V36/><F102/><W121/><G121/><T41/><D5/><U74/><E123/><V110/><F120/><W81/><G81/><T50/><D41/><U66/><E42/><V84/><F89/><W45/><G45/><T106/><D106/><U126/><E126/><V35/><F88/><W94/><G94/><T91/><D93/><U108/><E39/><RYUUKYOKU ba="2,2" sc="188,-10,175,-10,301,-10,316,30" hai3="18,20,24,51,52,57,59,65,85,86,98,101,105" /><INIT seed="3,3,2,5,4,51" ten="178,165,291,346" oya="3" hai0="68,125,99,36,38,133,35,67,119,135,28,85,69" hai1="77,130,13,37,56,71,4,11,64,15,0,92,115" hai2="25,30,126,42,21,34,105,44,110,104,32,52,50" hai3="86,94,78,111,7,45,102,19,89,82,116,54,57"/><W63/><G116/><T81/><D119/><U114/><E37/><N who="0" m="14441" /><D99/><U29/><E71/><N who="0" m="27209" /><D67/><U87/><E29/><V66/><F66/><W83/><G111/><T90/><D28/><U55/><E64/><V39/><F110/><W93/><G7/><T75/><D75/><U1/><E130/><V27/><F126/><W109/><G109/><T17/><D17/><U62/><E15/><V22/><F34/><W9/><G45/><T112/><D112/><U47/><E47/><V97/><F97/><N who="3" m="59703" /><G78/><T113/><D113/><U33/><E33/><V121/><F121/><W3/><G3/><T88/><D35/><U80/><E1/><V60/><F60/><W31/><G31/><T12/><D12/><AGARI ba="3,2" hai="9,12,19,54,57,63,82,83,86,89,93" m="59703" machi="12" ten="30,2900,0" yaku="8,1,52,1" doraHai="51" who="3" fromWho="0" sc="178,-38,165,0,291,0,346,58" /><INIT seed="3,4,0,4,4,83" ten="140,165,291,404" oya="3" hai0="49,37,90,129,115,95,39,94,86,57,100,30,17" hai1="93,6,87,113,51,0,130,13,42,50,82,2,21" hai2="56,41,25,69,63,33,114,110,99,19,112,76,26" hai3="67,126,124,122,84,14,27,121,54,108,81,102,70"/><W36/><G36/><T45/><D129/><U62/><E113/><V106/><F69/><W120/><G102/><T78/><D115/><U92/><E130/><V80/><F41/><W74/><G74/><T116/><D116/><U28/><E2/><V22/><F110/><W24/><G108/><T60/><D30/><U44/><E0/><V135/><F135/><W18/><G54/><T71/><D71/><U4/><E62/><V133/><F133/><W65/><G27/><T66/><D78/><U10/><E6/><V119/><F119/><W43/><G24/><T88/><D100/><U75/><E75/><V131/><F131/><W117/><G43/><T52/><D17/><U31/><E51/><V73/><F106/><W98/><G98/><AGARI ba="4,0" hai="37,39,45,49,52,57,60,66,86,88,90,94,95,98" machi="98" ten="30,7700,0" yaku="7,1,52,1,54,2" doraHai="83" who="0" fromWho="3" sc="140,89,165,0,291,0,404,-89" /><INIT seed="4,0,0,2,0,80" ten="229,165,291,315" oya="0" hai0="128,88,89,102,22,15,121,135,52,126,117,106,84" hai1="14,97,78,99,75,38,111,108,25,54,18,83,93" hai2="85,35,132,23,64,4,51,57,7,79,66,0,46" hai3="101,134,28,122,100,105,49,42,109,69,31,98,114"/><T36/><D121/><U67/><E38/><V74/><F35/><W19/><G109/><T118/><D36/><U37/><E37/><V41/><F74/><W8/><G69/><T47/><D135/><U5/><E5/><V34/><F34/><W115/><G134/><T95/><D128/><U30/><E67/><V133/><F133/><W125/><G125/><T43/><D43/><U29/><E54/><V91/><F79/><W16/><G100/><T17/><D126/><U50/><E50/><V58/><F0/><W63/><G63/><T3/><D3/><U1/><E1/><V40/><F40/><W11/><G11/><T55/><D89/><U110/><E25/><V82/><F132/><W10/><G10/><T124/><D124/><U90/><REACH who="1" step="1"/><E99/><REACH who="1" ten="229,155,291,315" step="2"/><V73/><F4/><W68/><G49/><T33/><D33/><U48/><E48/><V103/><F7/><W70/><G42/><T21/><D47/><U53/><E53/><V56/><F66/><W24/><G98/><T120/><D120/><U127/><E127/><V62/><F64/><W61/><G24/><T96/><D55/><U87/><E87/><V13/><F51/><W6/><G6/><T119/><REACH who="0" step="1"/><D52/><REACH who="0" ten="219,155,291,315" step="2"/><U26/><E26/><V76/><F46/><W129/><G122/><T94/><D94/><U60/><E60/><V116/><F41/><W9/><G61/><T104/><D104/><U81/><E81/><V59/><F82/><W65/><G65/><T112/><D112/><U39/><E39/><V71/><F62/><W44/><G44/><T92/><D92/><U12/><E12/><RYUUKYOKU ba="0,2" sc="219,15,155,15,291,-15,315,-15" hai0="15,17,21,22,84,88,95,96,102,106,117,118,119" hai1="14,18,29,30,75,78,83,90,93,97,108,110,111" /><INIT seed="4,1,2,4,5,44" ten="234,170,276,300" oya="0" hai0="48,30,124,39,114,90,52,22,99,119,53,127,62" hai1="117,101,116,47,87,100,126,13,34,104,83,55,85" hai2="129,10,11,80,60,115,23,88,69,21,45,134,77" hai3="81,113,106,2,125,128,41,40,19,107,33,56,98"/><T42/><D119/><U120/><E34/><V9/><F115/><W112/><G33/><T135/><D114/><N who="3" m="44137" /><G2/><T118/><D118/><U18/><E120/><V46/><F134/><W63/><G125/><N who="0" m="48203" /><D135/><U70/><E126/><V24/><F129/><W5/><G5/><T71/><D39/><U78/><E70/><V37/><F37/><W132/><G132/><T131/><D42/><N who="3" m="16489" /><G128/><T68/><D131/><U93/><E104/><V49/><F60/><W133/><G133/><T58/><D99/><U97/><E87/><N who="2" m="50279" /><F69/><W32/><G32/><T12/><D90/><U6/><E6/><V17/><F77/><W95/><G81/><T79/><D79/><U74/><E74/><V4/><F46/><W65/><G19/><N who="0" m="10599" /><D30/><U111/><E101/><AGARI ba="1,2" hai="56,63,65,95,98,101,106,107" m="16489,44137" machi="101" ten="30,1000,0" yaku="15,1" doraHai="44" who="3" fromWho="1" sc="234,0,170,-13,276,0,300,33" /><INIT seed="5,0,0,4,0,131" ten="234,157,276,333" oya="1" hai0="107,24,129,47,77,102,31,109,15,92,57,86,110" hai1="58,12,125,121,8,46,6,111,76,96,3,100,39" hai2="80,13,87,73,71,42,119,40,123,72,18,106,21" hai3="14,2,84,5,43,68,53,32,62,64,94,83,20"/><U55/><E121/><V17/><F123/><W38/><G32/><T45/><D129/><U120/><E120/><V66/><F106/><W16/><G94/><T117/><D117/><U99/><E125/><V33/><F33/><W67/><G38/><T48/><D107/><U25/><E111/><V70/><F119/><W114/><G43/><T75/><D75/><U91/><E25/><V98/><F98/><W78/><G114/><T85/><D77/><U35/><E35/><V34/><F87/><W134/><G134/><T90/><D102/><U79/><E91/><V130/><F80/><W52/><REACH who="3" step="1"/><G67/><REACH who="3" ten="234,157,276,323" step="2"/><T54/><D110/><U27/><E99/><V124/><F66/><W69/><G69/><T61/><D109/><U105/><E27/><V108/><F71/><W122/><G122/><T7/><D24/><U49/><E39/><V81/><F70/><W59/><G59/><T30/><D47/><U19/><REACH who="1" step="1"/><E46/><REACH who="1" ten="234,147,276,323" step="2"/><V0/><F34/><W133/><G133/><T104/><D45/><U115/><E115/><V93/><F130/><W74/><G74/><T37/><D37/><U135/><E135/><V89/><F108/><W97/><G97/><T51/><D86/><U44/><E44/><V28/><F73/><W56/><G56/><T101/><D101/><U132/><E132/><V112/><F72/><W88/><G88/><T95/><D90/><U118/><E118/><V103/><F89/><W26/><G26/><T63/><D85/><U9/><AGARI ba="0,2" hai="3,6,8,9,12,19,49,55,58,76,79,96,100,105" machi="9" ten="20,3900,0" yaku="1,1,0,1,7,1,53,0" doraHai="131" doraHaiUra="29" who="1" fromWho="1" sc="234,-13,147,59,276,-13,323,-13" /><INIT seed="5,1,0,1,2,100" ten="221,206,263,310" oya="1" hai0="106,48,101,126,12,16,2,130,82,5,135,54,32" hai1="128,71,125,119,51,20,55,49,52,118,47,22,65" hai2="50,69,93,95,74,107,61,31,84,4,134,10,58" hai3="76,109,131,64,73,108,104,98,80,39,96,86,19"/><U13/><E13/><V67/><F74/><W18/><G39/><T7/><D32/><U21/><E125/><V115/><F134/><W89/><G64/><T112/><D126/><U121/><E121/><V53/><F115/><W8/><G19/><T57/><D112/><U28/><E128/><V23/><F107/><W113/><G113/><T24/><D130/><U63/><REACH who="1" step="1"/><E28/><REACH who="1" ten="221,196,263,310" step="2"/><V17/><F31/><W36/><G131/><T103/><D135/><U116/><E116/><V15/><REACH who="2" step="1"/><F84/><REACH who="2" ten="221,196,253,310" step="2"/><W105/><G86/><T9/><D2/><AGARI ba="1,2" hai="2,4,10,15,17,23,50,53,58,61,67,69,93,95" machi="2" ten="30,3900,0" yaku="1,1,2,1,7,1,53,0" doraHai="100" doraHaiUra="30" who="2" fromWho="0" sc="221,-42,196,0,253,62,310,0" /><INIT seed="6,0,0,0,1,37" ten="179,196,315,310" oya="2" hai0="50,36,54,121,33,93,124,51,100,29,31,6,72" hai1="55,48,49,70,25,119,87,90,127,35,82,74,114" hai2="0,4,59,85,95,26,73,115,128,113,3,60,27" hai3="10,92,80,58,32,45,78,38,28,83,91,20,134"/><V52/><F73/><W126/><G32/><T23/><D121/><U132/><E119/><V21/><F128/><W101/><G101/><T104/><D72/><U111/><E111/><V69/><F69/><W108/><G108/><T34/><D36/><U12/><E70/><V65/><F65/><W5/><G126/><T44/><D124/><U42/><E127/><V97/><F85/><W110/><G134/><T71/><D71/><U63/><E132/><V135/><F135/><W94/><G58/><T19/><D104/><U40/><E74/><V109/><F27/><W120/><G120/><T88/><D6/><U14/><E35/><V81/><F81/><W57/><G57/><N who="0" m="32983" /><D100/><U105/><E105/><V103/><F109/><W86/><G110/><T62/><D62/><U98/><E25/><V76/><F76/><W1/><G28/><T30/><D33/><U43/><E114/><N who="2" m="43531" /><F4/><W107/><G107/><T118/><D34/><U7/><E98/><V84/><F84/><W67/><G67/><T123/><D118/><U77/><E77/><V122/><F122/><W2/><G2/><T117/><D117/><U47/><E63/><V64/><F64/><W66/><G66/><T22/><D123/><U125/><E125/><V133/><F133/><W11/><G1/><T53/><D19/><AGARI ba="0,0" hai="0,3,19,21,26,52,59,60,95,97,103" m="43531" machi="19" ten="30,2900,0" yaku="15,1,54,1" doraHai="37" who="2" fromWho="0" sc="179,-29,196,0,315,29,310,0" /><INIT seed="6,1,0,1,4,116" ten="150,196,344,310" oya="2" hai0="1,0,69,96,65,6,54,34,23,133,58,98,109" hai1="18,85,125,8,14,30,99,36,57,21,135,12,108" hai2="71,31,121,26,48,76,15,9,119,102,103,55,28" hai3="20,60,50,53,72,78,95,62,17,83,51,44,67"/><V134/><F119/><W94/><G51/><T59/><D109/><U93/><E108/><V86/><F71/><W42/><G42/><T87/><D34/><U10/><E36/><V40/><F134/><W63/><REACH who="3" step="1"/><G67/><REACH who="3" ten="150,196,344,300" step="2"/><T100/><D69/><U70/><E70/><V115/><F48/><W124/><G124/><T37/><D37/><U11/><E125/><V129/><F40/><W49/><G49/><T80/><D65/><U46/><E57/><V52/><F55/><W35/><G35/><T104/><D133/><U79/><E135/><V29/><F52/><W120/><G120/><T74/><D54/><U81/><E46/><V122/><F122/><W131/><G131/><T39/><D39/><U38/><E38/><V105/><F121/><W4/><G4/><T106/><D6/><U123/><E123/><V13/><F129/><W61/><N who="3" m="15360" /><DORA hai="91" /><W24/><AGARI ba="1,1" hai="17,20,24,44,50,53,72,78,83,94,95" m="15360" machi="24" ten="40,8000,1" yaku="1,1,4,1,0,1,52,2,53,0" doraHai="116,91" doraHaiUra="126,3" who="3" fromWho="3" sc="150,-21,196,-21,344,-41,300,93" /><INIT seed="7,0,0,1,5,5" ten="129,175,303,393" oya="3" hai0="89,12,119,8,24,88,121,40,11,28,7,97,25" hai1="15,111,116,58,51,26,105,59,104,17,72,65,92" hai2="127,55,63,77,107,54,42,9,73,110,91,87,19" hai3="62,69,99,36,76,118,122,47,16,124,48,90,81"/><W45/><G122/><T95/><D119/><U125/><E111/><V132/><F110/><W39/><G118/><T71/><D121/><U14/><E72/><V96/><F132/><W129/><G90/><T86/><D71/><U35/><E116/><V49/><F127/><W30/><G99/><T56/><D40/><U57/><E125/><V75/><F75/><W82/><G48/><T2/><D28/><U4/><E105/><V20/><F63/><W98/><G98/><T93/><D56/><U70/><E104/><V101/><F42/><W102/><G30/><T78/><D78/><U0/><E0/><V27/><F49/><W41/><G76/><T31/><D31/><U94/><E35/><V38/><F38/><W53/><G62/><T134/><D134/><U80/><E70/><V68/><F68/><W85/><G41/><T79/><D79/><U103/><E65/><V126/><F126/><W109/><G39/><T66/><D66/><U128/><E51/><V108/><F108/><W67/><G36/><T130/><D130/><U18/><E128/><V52/><F77/><W46/><G69/><T44/><D44/><U37/><E59/><V22/><F73/><W21/><G129/><T115/><D115/><U112/><E37/><V84/><F91/><W120/><G120/><T61/><D61/><U6/><E112/><V23/><REACH who="2" step="1"/><F27/><REACH who="2" ten="129,175,293,393" step="2"/><N who="3" m="14759" /><G124/><T100/><REACH who="0" step="1"/><D89/><REACH who="0" ten="119,175,293,393" step="2"/><U117/><E117/><V74/><F74/><W33/><G109/><T29/><D29/><U64/><E64/><V10/><F10/><W13/><G67/><T113/><D113/><U83/><E26/><RYUUKYOKU ba="0,2" sc="119,10,175,10,293,10,393,-30" hai0="2,7,8,11,12,24,25,86,88,93,95,97,100" hai1="4,6,14,15,17,18,57,58,80,83,92,94,103" hai2="9,19,20,22,23,52,54,55,84,87,96,101,107" owari="129,-37.0,185,-21.0,303,10.0,383,48.0" /></mjloggm>