<mjloggm ver="2.3"><GO type="169" lobby="0"/><UN n0="%E3%81%82%E3%81%9F%E3%81%97%E7%96%B2%E3%82%8C%E3%81%9F" n1="%E2%96%BD%E4%B8%8E%E4%BD%9C%28%E3%81%8A%E3%81%AB%E3%81%8E%E3%82%8A" n2="%2D%E4%B9%B1%E3%82%8C%E9%9B%AA%E6%9C%88%E8%8A%B1%2D" n3="%E3%83%97%E3%83%83%E3%82%B7%E3%83%A5%E6%8A%BC%E3%81%99%E5%83%A7" dan="16,17,16,16" rate="2123.95,2157.46,2119.02,2038.04" sx="M,M,M,M"/><TAIKYOKU oya="0"/><INIT seed="0,0,0,5,1,27" ten="250,250,250,250" oya="0" hai0="118,17,36,56,37,122,20,117,102,71,111,106,39" hai1="42,97,109,57,24,81,6,26,112,68,135,107,38" hai2="93,32,35,87,62,86,55,7,47,119,103,12,65" hai3="8,94,75,105,126,25,21,9,69,23,82,13,63"/><T48/><D122/><U2/><E68/><V28/><F119/><W100/><G105/><T19/><D71/><U110/><E135/><V43/><F103/><W88/><G126/><T70/><D70/><U74/><E57/><V125/><F125/><W108/><G108/><T84/><D84/><U128/><E128/><V3/><F3/><W121/><G100/><T120/><D120/><U80/><E26/><V116/><F35/><W132/><G132/><T131/><D131/><U130/><E24/><V83/><F93/><W45/><G45/><T73/><D73/><U123/><E123/><V96/><F96/><W92/><G121/><T58/><D111/><N who="1" m="42507" /><E74/><V134/><F65/><W34/><G34/><T113/><D113/><U72/><E72/><V51/><F116/><N who="0" m="44650" /><D106/><U5/><E2/><V89/><F87/><W11/><G69/><T60/><D102/><U133/><E130/><V33/><F33/><W46/><G46/><T101/><D20/><U31/><E107/><V18/><F134/><W54/><G75/><T22/><D22/><U76/><E133/><V79/><F32/><W124/><G23/><T0/><D0/><U16/><E97/><V41/><F86/><N who="3" m="50263" /><G63/><T129/><D101/><U61/><E61/><V104/><F62/><W40/><G21/><T114/><D129/><U78/><E112/><V50/><F104/><W29/><G25/><T66/><D114/><U99/><E99/><V52/><F79/><W14/><G94/><T30/><D39/><U90/><E38/><V91/><F83/><W115/><G115/><T10/><D37/><U85/><E80/><RYUUKYOKU ba="0,0" sc="250,0,250,0,250,0,250,0" /><INIT seed="1,1,0,0,4,12" ten="250,250,250,250" oya="1" hai0="91,29,90,49,17,133,74,23,102,40,66,3,1" hai1="64,92,46,75,60,95,72,32,36,81,14,80,109" hai2="114,48,11,71,20,70,6,101,62,106,118,51,97" hai3="129,58,84,18,103,112,89,131,73,43,15,76,63"/><U113/><E113/><V77/><F118/><W50/><G112/><T2/><D133/><U55/><E32/><V61/><F114/><W125/><G125/><T27/><D74/><U5/><E75/><V123/><F77/><W8/><G103/><T135/><D135/><U9/><E109/><V31/><F123/><W108/><G108/><T68/><D102/><U100/><E72/><V65/><F31/><W25/><G25/><T52/><D40/><U53/><E36/><V110/><F110/><W79/><G50/><T116/><D116/><U69/><E95/><V4/><F20/><W37/><G43/><T13/><D66/><U42/><E42/><V39/><F39/><W54/><G37/><T78/><D78/><U94/><E94/><V124/><F124/><W47/><G47/><T86/><D68/><U104/><E104/><V56/><F4/><W120/><G120/><T21/><REACH who="0" step="1"/><D86/><REACH who="0" ten="240,250,250,250" step="2"/><U67/><E64/><V122/><F70/><W57/><G73/><T34/><D34/><U16/><E67/><V111/><F111/><W24/><G79/><T26/><D26/><U93/><E100/><V0/><F122/><W127/><G76/><T33/><D33/><U132/><E69/><V134/><F134/><W45/><G24/><T96/><D96/><U41/><E41/><V105/><F105/><W130/><G127/><T121/><D121/><U30/><E132/><V59/><F71/><W44/><REACH who="3" step="1"/><G58/><AGARI ba="1,1" hai="1,2,3,13,17,21,23,27,29,49,52,58,90,91" machi="58" ten="40,5200,0" yaku="1,1,52,1,54,1,53,0" doraHai="12" doraHaiUra="98" who="0" fromWho="3" sc="240,65,250,0,250,0,250,-55" /><INIT seed="2,0,0,0,1,66" ten="305,250,250,195" oya="2" hai0="83,61,25,44,81,65,75,134,98,53,114,103,89" hai1="7,30,76,49,96,110,74,26,5,16,18,91,1" hai2="109,128,122,58,36,80,82,67,6,107,14,127,12" hai3="24,102,117,68,10,72,93,130,0,54,21,135,69"/><V28/><F122/><W19/><G72/><T129/><D114/><U17/><E110/><V79/><F36/><W45/><G117/><T22/><D134/><U63/><E49/><V64/><F107/><W77/><G77/><T132/><D132/><U123/><E123/><V2/><F2/><W84/><G135/><T35/><D129/><U9/><E7/><V111/><F128/><W119/><G119/><T43/><D35/><U41/><E41/><V71/><F127/><W101/><G101/><T104/><D89/><U126/><E126/><V99/><F99/><W48/><G130/><T120/><D53/><U59/><E76/><V39/><F39/><W97/><REACH who="3" step="1"/><G84/><REACH who="3" ten="305,250,250,185" step="2"/><T13/><D75/><U57/><E74/><V3/><F79/><W116/><G116/><T27/><D120/><U105/><E105/><V94/><F109/><W92/><G92/><T56/><D83/><U85/><E96/><V37/><F94/><W50/><G50/><T100/><D81/><U34/><REACH who="1" step="1"/><E63/><REACH who="1" ten="305,240,250,185" step="2"/><V133/><F111/><W8/><G8/><T86/><D98/><U32/><E32/><V11/><F133/><W113/><G113/><T124/><D104/><U106/><E106/><V78/><F78/><W23/><G23/><T131/><D61/><U60/><E60/><V125/><F125/><W95/><G95/><AGARI ba="0,2" hai="1,5,9,16,17,18,26,30,34,57,59,85,91,95" machi="95" ten="40,2600,0" yaku="1,1,54,1,53,0" doraHai="66" doraHaiUra="47" who="1" fromWho="3" sc="305,0,240,46,250,0,185,-26" /><INIT seed="3,0,0,3,2,123" ten="305,286,250,159" oya="3" hai0="39,60,107,100,31,21,0,70,25,50,90,117,17" hai1="53,127,94,73,16,130,112,84,45,95,72,126,89" hai2="116,135,19,59,118,103,26,74,80,8,37,36,87" hai3="115,120,32,61,63,22,47,5,46,99,71,56,76"/><W35/><G120/><T75/><D117/><U83/><E45/><V109/><F74/><N who="1" m="28777" /><E53/><V42/><F135/><W33/><G115/><T62/><D75/><U81/><E16/><V111/><F103/><W51/><G76/><T38/><D90/><N who="1" m="53575" /><E130/><V34/><F59/><W98/><G5/><T97/><D0/><U92/><E92/><V6/><F34/><W78/><G78/><T41/><D60/><U93/><E93/><V77/><F42/><W52/><G22/><T110/><D50/><U30/><E30/><V108/><F26/><W106/><G106/><T101/><D101/><U13/><E13/><N who="2" m="7591" /><F6/><W49/><G71/><T121/><D70/><U7/><E7/><V69/><F69/><W122/><G122/><T23/><D121/><U20/><E20/><V86/><F86/><W14/><G14/><T114/><D23/><U10/><E10/><V128/><F128/><W57/><REACH who="3" step="1"/><G35/><REACH who="3" ten="305,286,250,149" step="2"/><T119/><D21/><U124/><E112/><V85/><F116/><W79/><G79/><T3/><D114/><U105/><E105/><V96/><F118/><W15/><G15/><T68/><D119/><U102/><E102/><V82/><F77/><W2/><G2/><T9/><D3/><U40/><E40/><V67/><F109/><W64/><G64/><T12/><D110/><U58/><E58/><V65/><F111/><W11/><G11/><T4/><D41/><U43/><E43/><V131/><F108/><W48/><G48/><T1/><D1/><U104/><E104/><V27/><F67/><W134/><G134/><T129/><D68/><U24/><E24/><RYUUKYOKU ba="0,1" sc="305,-15,286,15,250,-15,149,15" hai1="81,83,89,95,124,126,127" hai3="32,33,46,47,49,51,52,56,57,61,63,98,99" /><INIT seed="3,1,1,4,4,58" ten="290,301,235,164" oya="3" hai0="83,75,54,1,38,117,134,95,74,81,97,86,113" hai1="105,24,2,46,30,5,13,23,109,6,64,31,40" hai2="63,7,51,37,135,111,29,89,47,104,114,132,59" hai3="11,121,55,120,36,107,52,62,3,0,125,35,33"/><W17/><G36/><T122/><D38/><U87/><E2/><V129/><F104/><W18/><G107/><T110/><D1/><U67/><E105/><V101/><F101/><W124/><REACH who="3" step="1"/><G11/><REACH who="3" ten="290,301,235,154" step="2"/><T80/><D117/><U82/><E109/><V118/><F37/><W42/><G42/><T128/><D110/><U103/><E40/><V77/><F111/><W72/><G72/><T56/><D75/><U4/><E5/><V85/><F7/><W78/><G78/><T14/><D74/><U98/><E4/><V99/><F77/><W8/><G8/><T126/><D113/><U133/><E6/><V57/><F114/><W70/><G70/><T69/><D69/><U39/><E39/><V71/><F71/><W91/><G91/><T34/><D122/><U53/><E103/><V79/><F89/><W50/><G50/><T9/><D9/><U102/><E102/><V68/><F51/><W28/><G28/><T15/><D126/><U84/><E30/><V20/><F29/><W45/><G45/><T92/><D128/><U21/><E31/><V115/><F68/><W96/><G96/><T19/><D97/><U16/><E46/><V10/><F47/><W127/><G127/><T73/><D73/><U25/><E98/><V119/><F99/><W76/><G76/><T32/><D32/><U26/><E23/><V123/><F20/><W116/><G116/><T130/><D34/><U44/><E44/><V49/><F118/><W131/><G131/><T93/><D130/><U88/><E21/><V90/><F129/><W100/><G100/><T65/><D134/><RYUUKYOKU ba="1,2" sc="290,-10,301,-10,235,-10,154,30" hai3="0,3,17,18,33,35,52,55,62,120,121,124,125" /><INIT seed="3,2,2,4,0,10" ten="280,291,225,184" oya="3" hai0="77,105,76,46,5,110,14,35,95,47,122,25,43" hai1="97,31,26,131,73,116,82,70,113,32,51,0,63" hai2="100,128,1,123,85,75,69,55,121,126,67,59,44" hai3="115,98,107,24,64,56,80,71,102,127,72,81,39"/><W86/><G39/><T117/><D110/><U19/><E113/><V23/><F75/><W129/><G71/><T96/><D105/><U74/><E0/><V89/><F1/><W62/><G115/><T36/><D117/><U68/><E116/><V66/><F128/><W33/><G127/><T53/><D122/><N who="2" m="46602" /><F126/><W94/><G129/><T83/><D47/><U93/><E131/><V104/><F69/><W60/><G60/><T119/><D119/><U16/><E70/><V3/><F3/><W87/><G72/><T112/><D112/><U133/><E133/><V99/><F44/><W34/><G107/><T109/><D53/><U37/><E37/><V22/><F67/><W91/><REACH who="3" step="1"/><G24/><REACH who="3" ten="280,291,225,174" step="2"/><T120/><D120/><U54/><E68/><V57/><F66/><W13/><G13/><T41/><D14/><U132/><E63/><N who="2" m="36287" /><F59/><W45/><G45/><T135/><D46/><U18/><E73/><V118/><F118/><W40/><G40/><T4/><D43/><U20/><E74/><V29/><F104/><W134/><G134/><T9/><D41/><U130/><E132/><V111/><F111/><W79/><AGARI ba="2,3" hai="33,34,56,62,64,79,80,81,86,87,91,94,98,102" machi="79" ten="20,3900,0" yaku="1,1,0,1,7,1,53,0" doraHai="10" doraHaiUra="101" who="3" fromWho="3" sc="280,-15,291,-15,225,-15,174,75" /><INIT seed="3,3,0,4,2,83" ten="265,276,210,249" oya="3" hai0="80,85,113,3,77,109,88,118,128,22,107,105,52" hai1="15,25,23,62,46,108,58,64,75,45,110,69,134" hai2="34,2,72,7,98,125,82,119,14,53,131,133,91" hai3="120,31,5,129,67,78,115,73,50,35,37,127,30"/><W54/><G37/><T66/><D118/><U96/><E75/><V11/><F119/><W112/><G120/><T116/><D3/><U87/><E134/><V6/><F34/><W63/><G129/><T135/><D116/><U122/><E122/><V70/><F70/><W74/><G5/><T124/><D66/><U42/><E15/><V36/><F36/><W10/><G10/><T68/><D68/><U40/><E69/><V111/><F133/><W95/><G95/><T132/><D107/><U1/><E1/><V0/><F131/><W99/><G99/><T28/><D28/><N who="1" m="17471" /><E96/><V81/><F111/><N who="1" m="42537" /><E87/><V4/><F125/><W130/><G130/><T55/><D128/><U13/><E13/><V56/><F72/><W27/><G127/><T106/><D124/><U61/><E61/><N who="2" m="35983" /><F0/><W76/><G74/><T21/><D109/><U48/><E45/><V117/><F2/><W32/><G73/><T123/><D113/><U38/><E38/><V9/><F117/><W65/><G112/><T19/><D123/><U71/><E71/><V60/><F60/><W121/><G121/><T114/><D114/><U18/><E18/><N who="2" m="8527" /><F11/><W39/><G39/><T57/><D106/><U59/><E59/><V89/><F98/><W97/><G97/><T94/><D105/><U84/><E84/><V43/><F43/><AGARI ba="3,0" hai="40,42,43,46,48,58,62,64" m="42537,17471" machi="43" ten="30,1000,0" yaku="14,1" doraHai="83" who="1" fromWho="2" sc="265,0,276,19,210,-19,249,0" /><INIT seed="4,0,0,5,1,22" ten="265,295,191,249" oya="0" hai0="104,118,42,2,39,43,110,44,134,96,131,119,111" hai1="75,24,101,59,125,128,70,53,37,48,55,116,64" hai2="49,38,40,28,114,65,105,90,71,36,89,79,10" hai3="33,122,123,83,108,73,25,93,127,9,113,15,46"/><T100/><D43/><U102/><E116/><N who="0" m="44585" /><D131/><U86/><E75/><V129/><F105/><W61/><G61/><T5/><D134/><U80/><E128/><V31/><F129/><W58/><G58/><T132/><D132/><U21/><E37/><V95/><F114/><W67/><G67/><T103/><D100/><U62/><E125/><V34/><F79/><W57/><G57/><T115/><D115/><U4/><E4/><V107/><F107/><W97/><G46/><T94/><D94/><U27/><E55/><V66/><F71/><W85/><G73/><T51/><D51/><U29/><E27/><V23/><F34/><W121/><G127/><T72/><D72/><U18/><REACH who="1" step="1"/><E29/><REACH who="1" ten="265,285,191,249" step="2"/><V7/><F31/><W47/><G25/><T82/><D5/><U109/><E109/><N who="0" m="41481" /><D82/><U30/><E30/><V77/><F28/><W69/><G108/><T92/><D104/><U81/><E81/><V6/><F7/><W20/><G83/><T106/><D92/><U124/><E124/><V112/><F6/><W63/><G93/><T45/><D44/><U17/><E17/><V1/><F95/><W50/><G47/><T54/><D54/><U74/><E74/><V60/><F112/><W52/><G113/><T91/><D91/><AGARI ba="0,1" hai="18,21,24,48,53,59,62,64,70,80,86,91,101,102" machi="91" ten="30,7700,0" yaku="1,1,7,1,52,1,53,1" doraHai="22" doraHaiUra="87" who="1" fromWho="0" sc="265,-77,285,87,191,0,249,0" /><INIT seed="5,0,0,4,0,11" ten="188,372,191,249" oya="1" hai0="14,105,110,80,24,43,20,94,62,32,46,18,128" hai1="125,68,3,87,39,88,35,25,92,74,100,23,115" hai2="69,64,124,51,90,116,7,67,38,122,65,42,112" hai3="126,131,27,120,41,85,111,72,37,119,66,31,71"/><U47/><E68/><V76/><F122/><W96/><G85/><T49/><D105/><U8/><E74/><V91/><F116/><W95/><G95/><T73/><D110/><U16/><E115/><V55/><F69/><W79/><G111/><T83/><D128/><U10/><E35/><V48/><F112/><W108/><G108/><T0/><D73/><U134/><E3/><V36/><F76/><W15/><G96/><T113/><D113/><U17/><E125/><V63/><F124/><W29/><G29/><T34/><D34/><U104/><E134/><V135/><F7/><W12/><G126/><T93/><D0/><U60/><E60/><V89/><F135/><W56/><G71/><T40/><D40/><U54/><E39/><V33/><F33/><W117/><G131/><T102/><D62/><U52/><E47/><V82/><F82/><N who="0" m="31274" /><D32/><U4/><E4/><V118/><F118/><N who="3" m="45067" /><G79/><T133/><D133/><U50/><E50/><V19/><F42/><W61/><G72/><T130/><D130/><U26/><E104/><V44/><F38/><W84/><G84/><T57/><D57/><U58/><E58/><N who="2" m="35295" /><F36/><W45/><G120/><T53/><D43/><U9/><E100/><V13/><F44/><W86/><G86/><T114/><D114/><U2/><E2/><V30/><F30/><W78/><G78/><T107/><D24/><U77/><E77/><V106/><F106/><W123/><G123/><T28/><D28/><U127/><E127/><V109/><F109/><W121/><G121/><T1/><D1/><U5/><E5/><V59/><F59/><RYUUKYOKU ba="0,0" sc="188,0,372,0,191,0,249,0" hai0="14,18,20,46,49,53,93,94,102,107" hai1="8,9,10,16,17,23,25,26,52,54,87,88,92" hai2="13,19,48,51,64,65,67,89,90,91" hai3="12,15,27,31,37,41,45,56,61,66" /><INIT seed="5,1,0,5,3,3" ten="188,372,191,249" oya="1" hai0="73,52,120,100,35,107,68,5,64,67,119,45,27" hai1="126,132,15,47,14,117,30,51,96,80,86,41,71" hai2="44,12,123,122,49,127,20,32,63,55,46,22,112" hai3="6,135,56,34,28,125,0,61,26,65,93,95,99"/><U105/><E117/><V36/><F32/><W98/><G125/><T1/><D119/><U124/><E71/><V114/><F127/><N who="1" m="48681" /><E132/><V50/><F36/><W109/><G109/><T81/><D120/><N who="2" m="46122" /><F63/><W88/><G135/><T129/><D129/><U57/><E30/><V130/><F130/><W89/><G0/><T94/><D107/><U75/><E75/><V16/><F22/><W48/><G48/><N who="2" m="18537" /><F55/><W106/><G106/><T60/><D67/><U24/><E24/><V59/><F59/><W97/><REACH who="3" step="1"/><G6/><REACH who="3" ten="188,372,191,239" step="2"/><T7/><D1/><U104/><E104/><V69/><F69/><W84/><AGARI ba="1,1" hai="26,28,34,56,61,65,84,88,89,93,95,97,98,99" machi="84" ten="20,8000,1" yaku="1,1,2,1,0,1,7,1,54,1,53,0" doraHai="3" doraHaiUra="17" who="3" fromWho="3" sc="188,-21,372,-41,191,-21,239,93" /><INIT seed="6,0,0,5,2,42" ten="167,331,170,332" oya="2" hai0="76,115,27,84,120,14,47,54,80,21,99,40,109" hai1="32,44,55,56,13,100,53,73,63,106,90,130,50" hai2="31,23,132,123,107,20,83,126,25,17,29,111,46" hai3="30,57,108,94,3,0,119,112,43,49,26,121,113"/><V117/><F123/><W82/><G119/><T6/><D109/><U105/><E73/><V24/><F117/><W122/><G82/><T67/><D120/><U65/><E32/><V39/><F107/><W35/><G108/><T92/><D115/><N who="3" m="44105" /><G94/><T8/><D67/><U68/><E100/><V34/><F111/><W62/><G49/><T70/><D70/><U78/><E78/><V11/><F126/><W12/><G43/><T128/><D128/><U66/><E130/><V85/><F132/><W93/><G93/><T87/><D54/><U48/><E66/><V51/><F39/><W38/><G38/><T18/><D80/><U89/><E13/><V69/><F69/><W37/><G37/><T98/><D76/><U1/><E1/><N who="3" m="586" /><G12/><T52/><D40/><U86/><E90/><V2/><F2/><W9/><G9/><T7/><D7/><U74/><E74/><V28/><F11/><W64/><AGARI ba="0,0" hai="26,30,35,57,62,64,121,122" m="586,44105" machi="64" ten="30,2000,0" yaku="15,1,11,1" doraHai="42" who="3" fromWho="3" sc="167,-5,331,-5,170,-10,332,20" /><INIT seed="7,0,0,5,2,69" ten="162,326,160,352" oya="3" hai0="70,28,99,25,72,20,10,132,88,89,38,8,39" hai1="111,22,103,2,82,35,14,131,90,11,115,4,133" hai2="107,104,21,77,46,118,53,124,47,48,37,81,58" hai3="125,0,98,109,17,85,86,60,34,128,50,51,41"/><W23/><G34/><T1/><D72/><U95/><E111/><V106/><F118/><W119/><G0/><T110/><D70/><U54/><E35/><V30/><F124/><W45/><G119/><T40/><D40/><U93/><E115/><V116/><F116/><W87/><G128/><T100/><D110/><U44/><E131/><V62/><F37/><W13/><G125/><T80/><D132/><U75/><E133/><V3/><F3/><W108/><G60/><T105/><D10/><U102/><E75/><V42/><F46/><W117/><G117/><T78/><D88/><U26/><E82/><V92/><F92/><W71/><G71/><T134/><D89/><U123/><E123/><V96/><F96/><W12/><G98/><T63/><D63/><U114/><E114/><V16/><F30/><W55/><REACH who="3" step="1"/><G13/><REACH who="3" ten="162,326,160,342" step="2"/><T101/><D134/><U65/><E2/><V9/><F9/><W36/><G36/><N who="0" m="13867" /><D101/><N who="1" m="38411" /><E65/><V112/><F112/><W57/><AGARI ba="0,1" hai="12,17,23,41,45,50,51,55,57,85,86,87,108,109" machi="57" ten="30,6000,0" yaku="1,1,0,1,53,1" doraHai="69" doraHaiUra="52" who="3" fromWho="3" sc="162,-20,326,-20,160,-20,342,70" owari="142,-26.0,306,11.0,140,-36.0,412,51.0" /></mjloggm>