<mjloggm ver="2.3"><GO type="169" lobby="0"/><UN n0="%70%65%61%74%65%72" n1="%E3%82%BF%E3%82%B1%E3%83%A4%E3%83%9E" n2="%74%6F%69%74%6F%69%34" n3="%E3%82%A2%E3%83%AB%E3%83%86%E3%83%9F%E3%82%B9" dan="16,17,16,17" rate="2174.66,2196.63,2062.66,2181.27" sx="M,M,M,M"/><TAIKYOKU oya="0"/><INIT seed="0,0,0,5,3,88" ten="250,250,250,250" oya="0" hai0="64,69,52,35,85,133,50,111,7,27,92,2,117" hai1="16,70,51,32,74,108,56,103,49,18,19,106,120" hai2="98,125,100,83,112,132,0,33,4,121,95,34,53" hai3="63,3,10,72,99,123,86,25,11,116,128,93,58"/><T9/><D117/><U12/><E120/><V134/><F121/><W22/><G72/><T6/><D6/><U46/><E70/><V29/><F112/><W79/><G128/><T73/><D73/><U54/><E74/><V59/><F125/><W127/><G127/><T23/><D133/><N who="2" m="51306" /><F29/><W82/><G3/><T45/><D111/><U21/><E32/><V113/><F113/><W67/><G116/><T135/><D135/><U119/><E119/><V5/><F83/><W41/><G41/><T104/><D104/><U43/><REACH who="1" step="1"/><E108/><REACH who="1" ten="250,240,250,250" step="2"/><V24/><F34/><W62/><G123/><T37/><D35/><U130/><E130/><V84/><F33/><W109/><G109/><T15/><D37/><U76/><E76/><V47/><F0/><W38/><G38/><T42/><D2/><U1/><E1/><V55/><F5/><W114/><G114/><T124/><D124/><U30/><E30/><V122/><F4/><W8/><G63/><T91/><D69/><U40/><E40/><V101/><F122/><W26/><REACH who="3" step="1"/><G22/><REACH who="3" ten="250,240,250,240" step="2"/><T68/><D42/><U77/><E77/><V75/><F75/><W78/><G78/><T110/><D110/><U57/><E57/><V36/><F59/><W65/><G65/><T118/><D118/><U94/><E94/><V48/><F36/><W80/><G80/><T20/><D68/><U115/><E115/><V31/><F95/><W17/><G17/><N who="0" m="12783" /><D64/><U90/><E90/><AGARI ba="0,2" hai="8,10,11,25,26,58,62,67,79,82,86,90,93,99" machi="90" ten="40,8000,1" yaku="1,1,8,1,52,1,53,1" doraHai="88" doraHaiUra="60" who="3" fromWho="1" sc="250,0,240,-80,250,0,240,100" /><INIT seed="1,0,0,4,1,51" ten="250,160,250,340" oya="1" hai0="70,23,62,131,87,74,97,14,7,48,88,29,81" hai1="95,35,61,4,71,44,113,115,72,111,18,43,121" hai2="127,59,116,1,65,107,33,109,50,78,85,6,60" hai3="105,42,12,82,80,5,122,101,77,106,15,76,2"/><U49/><E121/><V63/><F116/><W52/><G122/><T112/><D112/><U67/><E72/><V30/><F109/><W83/><G42/><T126/><D126/><U17/><E35/><V123/><F123/><W21/><G2/><T125/><D125/><U104/><E104/><V19/><F127/><W84/><G101/><T110/><D110/><U75/><E75/><V133/><F107/><W120/><G120/><T39/><D39/><U99/><E111/><V34/><F19/><N who="3" m="10471" /><G106/><T40/><D131/><U91/><REACH who="1" step="1"/><E4/><REACH who="1" ten="250,150,250,340" step="2"/><V98/><F6/><W25/><G105/><T55/><D74/><U10/><E10/><V46/><F34/><W73/><G73/><T132/><D7/><U53/><E53/><V41/><F33/><W96/><G5/><T16/><D132/><U47/><E47/><V37/><F133/><W108/><G108/><T20/><D40/><U22/><E22/><V38/><F1/><W135/><G135/><T54/><D54/><U124/><E124/><V134/><F134/><W103/><G25/><T114/><D114/><AGARI ba="0,1" hai="17,18,43,44,49,61,67,71,91,95,99,113,114,115" machi="114" ten="40,2000,0" yaku="1,1,53,0" doraHai="51" doraHaiUra="27" who="1" fromWho="0" sc="250,-20,150,30,250,0,340,0" /><INIT seed="1,1,0,5,2,80" ten="230,180,250,340" oya="1" hai0="128,131,84,76,0,132,89,74,124,29,35,64,101" hai1="11,6,73,48,30,50,22,21,43,15,130,57,112" hai2="26,85,32,122,27,13,38,68,33,81,90,105,40" hai3="7,86,9,75,47,60,87,3,44,70,24,97,37"/><U108/><E112/><V102/><F122/><W109/><G109/><T123/><D0/><U91/><E73/><V115/><F68/><W121/><G121/><T69/><D123/><U23/><E130/><V114/><F40/><N who="3" m="22543" /><G47/><T53/><D124/><U104/><E104/><V56/><F38/><W98/><G98/><T126/><D126/><U20/><E108/><V82/><F13/><W46/><G46/><T133/><D101/><U106/><E106/><V72/><F56/><W49/><G49/><T134/><D53/><U119/><E119/><V127/><F127/><W51/><G51/><T129/><D29/><U117/><E117/><V66/><F66/><W17/><G97/><T31/><D31/><U77/><E77/><V96/><F27/><W61/><G17/><T71/><D35/><U78/><E78/><N who="2" m="44231" /><F26/><W135/><G24/><T5/><D5/><U67/><E43/><V65/><F65/><N who="3" m="41255" /><G61/><T95/><D64/><U14/><E91/><V118/><F118/><W10/><G10/><T42/><D42/><U28/><N who="1" m="5120" /><DORA hai="83" /><U16/><E28/><V1/><F1/><W59/><G59/><T4/><D4/><U36/><E36/><V62/><F62/><W116/><G116/><T25/><D25/><U103/><E30/><V19/><F19/><W111/><G111/><T107/><D107/><U63/><REACH who="1" step="1"/><E103/><REACH who="1" ten="230,170,250,340" step="2"/><V125/><F125/><W18/><G18/><T58/><D76/><U100/><E100/><V12/><F33/><W113/><G113/><N who="2" m="43017" /><F32/><W2/><G75/><T88/><D74/><U54/><E54/><V92/><F105/><W110/><G110/><RYUUKYOKU ba="1,1" sc="230,-15,170,15,250,15,340,-15" hai1="6,11,14,15,16,48,50,57,63,67" hai2="12,82,85,90,92,96,102" /><INIT seed="1,2,1,2,2,133" ten="215,185,265,325" oya="1" hai0="61,52,47,108,94,85,0,70,129,66,5,24,131" hai1="59,46,3,21,38,82,81,9,33,45,63,18,17" hai2="32,7,23,34,2,15,95,130,30,19,57,40,72" hai3="53,101,8,25,56,80,111,93,55,132,31,103,26"/><U69/><E69/><V77/><F40/><W120/><G120/><T114/><D114/><U91/><E33/><V135/><F77/><W75/><G132/><T51/><D108/><U134/><E134/><V109/><F72/><W13/><G111/><T71/><D24/><U41/><E45/><V1/><F57/><W73/><G73/><T67/><D5/><U84/><E21/><V6/><F95/><W97/><G103/><T74/><D0/><N who="2" m="106" /><F135/><W65/><G75/><T50/><D94/><U119/><E119/><V118/><F109/><W39/><G39/><T16/><D16/><U107/><E107/><V10/><F118/><W121/><G121/><T128/><D85/><U14/><E3/><N who="2" m="351" /><F130/><W92/><G92/><T122/><D74/><U102/><E102/><V37/><F37/><W87/><G65/><N who="0" m="24587" /><D122/><U123/><E123/><V54/><F54/><N who="3" m="20491" /><G56/><N who="0" m="34951" /><D51/><U43/><E82/><V79/><F79/><N who="3" m="46495" /><G31/><T49/><D50/><U86/><E38/><V76/><F76/><W35/><G35/><N who="2" m="13353" /><F7/><AGARI ba="2,1" hai="7,8,13,25,26,93,97,101" m="46495,20491" machi="7" ten="30,1000,0" yaku="8,1" doraHai="133" who="3" fromWho="2" sc="215,0,185,0,265,-16,325,26" /><INIT seed="2,0,0,4,4,24" ten="215,185,249,351" oya="2" hai0="43,67,57,56,14,1,7,44,46,70,80,127,22" hai1="76,64,68,59,42,11,106,54,45,109,123,36,29" hai2="117,26,69,63,99,48,66,31,18,12,126,125,3" hai3="30,114,84,128,81,102,105,82,115,95,53,41,129"/><V35/><F117/><W4/><G4/><T74/><D127/><U6/><E109/><V25/><F3/><W15/><G41/><T40/><D14/><U91/><E123/><V133/><F133/><W19/><G105/><T61/><D22/><U85/><E106/><V98/><F48/><W38/><G38/><N who="0" m="21527" /><D80/><U23/><E76/><V16/><F26/><W94/><G30/><T55/><D74/><U10/><E64/><V110/><F110/><W58/><G102/><T17/><D17/><U96/><E96/><N who="2" m="36907" /><F12/><W121/><G121/><T88/><D88/><U83/><E68/><V130/><F130/><N who="3" m="50283" /><G53/><T62/><D7/><U73/><E73/><V124/><AGARI ba="0,0" hai="16,18,25,31,35,63,66,69,124,125,126" m="36907" machi="124" ten="40,7800,0" yaku="18,1,52,1,54,1" doraHai="24" who="2" fromWho="2" sc="215,-26,185,-26,249,78,351,-26" /><INIT seed="2,1,0,5,0,21" ten="189,159,327,325" oya="2" hai0="50,120,36,65,53,22,2,102,121,64,126,119,45" hai1="40,75,38,109,44,110,7,98,11,134,130,24,20" hai2="12,61,23,9,74,105,81,26,125,131,103,58,56" hai3="41,68,69,83,17,117,73,31,15,34,92,13,72"/><V77/><F131/><W100/><G117/><T90/><D2/><U37/><E130/><V3/><F125/><W113/><G41/><T54/><D126/><U114/><E114/><V97/><F3/><W135/><G113/><T71/><D102/><U63/><E134/><V128/><F128/><W87/><G135/><T76/><D76/><U132/><E132/><V123/><F123/><W66/><G100/><T47/><D119/><U19/><E38/><V10/><F12/><W52/><G31/><T106/><D106/><U35/><E35/><V60/><F58/><W8/><G34/><T28/><D90/><U82/><E63/><V91/><F91/><N who="3" m="51711" /><G66/><T43/><D22/><U101/><E82/><V108/><F108/><W95/><G15/><T80/><D80/><U79/><E79/><V30/><REACH who="2" step="1"/><F60/><REACH who="2" ten="189,159,317,325" step="2"/><W27/><G27/><T78/><D78/><U124/><E124/><V14/><F14/><W122/><G122/><T6/><D120/><U70/><E70/><V16/><F16/><N who="3" m="8231" /><G69/><T111/><D121/><U1/><REACH who="1" step="1"/><E75/><REACH who="1" ten="189,149,317,325" step="2"/><V5/><F5/><W116/><G68/><T93/><D6/><U84/><E84/><V104/><F104/><AGARI ba="1,2" hai="1,7,11,19,20,24,37,40,44,98,101,104,109,110" machi="104" ten="40,5200,0" yaku="1,1,52,1,53,1" doraHai="21" doraHaiUra="0" who="1" fromWho="2" sc="189,0,149,75,317,-55,325,0" /><INIT seed="3,0,0,3,0,70" ten="189,224,262,325" oya="3" hai0="36,24,62,52,93,3,45,68,94,38,88,43,37" hai1="4,76,85,69,31,49,117,107,98,106,33,122,87" hai2="119,54,111,105,9,100,131,14,82,75,2,118,44" hai3="29,95,109,128,40,16,47,134,102,5,11,66,60"/><W84/><G134/><T127/><D127/><U130/><E122/><V72/><F2/><W12/><G128/><T73/><D73/><U25/><E130/><V86/><F131/><W18/><G109/><T32/><D3/><U64/><E117/><V19/><F111/><W74/><G74/><T17/><D94/><U27/><E4/><V23/><F23/><W101/><G29/><T89/><D68/><U65/><E49/><V39/><F75/><W35/><G35/><T115/><D115/><U34/><E76/><V28/><F72/><W63/><G101/><T124/><D124/><U79/><E79/><V83/><F28/><W53/><G53/><T133/><D133/><U112/><E112/><V46/><F83/><W67/><G67/><T10/><D10/><U96/><E31/><V13/><F13/><W104/><G104/><T57/><D32/><U97/><E97/><V15/><F15/><W50/><G63/><T55/><D55/><U116/><E116/><V8/><F8/><W103/><G103/><T0/><D0/><U42/><E42/><N who="2" m="22623" /><F100/><W113/><G113/><T71/><D71/><AGARI ba="0,0" hai="25,27,33,34,64,65,69,71,85,87,96,98,106,107" machi="71" ten="25,1600,0" yaku="22,2" doraHai="70" who="1" fromWho="0" sc="189,-16,224,16,262,0,325,0" /><INIT seed="4,0,0,3,0,64" ten="173,240,262,325" oya="0" hai0="68,55,88,12,101,21,20,90,135,32,34,76,4" hai1="132,46,16,133,112,118,40,28,7,63,109,26,66" hai2="1,82,17,125,58,86,48,97,49,114,100,127,44" hai3="131,31,126,77,129,19,81,128,80,120,35,8,69"/><T108/><D135/><U41/><E109/><V45/><F1/><W42/><G126/><N who="2" m="48137" /><F114/><W92/><G120/><T98/><D108/><U51/><E118/><V73/><F73/><W52/><G42/><T23/><D76/><U37/><E7/><V14/><F58/><W121/><G121/><T22/><D55/><U47/><E112/><V122/><F122/><W27/><G69/><T117/><D117/><U74/><E74/><V116/><F116/><W99/><G77/><T25/><D68/><U75/><E75/><V57/><F57/><W119/><G119/><T36/><D36/><U96/><E96/><V113/><F113/><W6/><G19/><T10/><D34/><U70/><REACH who="1" step="1"/><E16/><REACH who="1" ten="173,230,262,325" step="2"/><V130/><F17/><W123/><G123/><T53/><D53/><U95/><E95/><V71/><F97/><W85/><G52/><T87/><D87/><U24/><E24/><V134/><F86/><W72/><G85/><T43/><D43/><U67/><E67/><V18/><F18/><W50/><G72/><T102/><D102/><U83/><E83/><V110/><F82/><W39/><G81/><T29/><N who="0" m="5120" /><DORA hai="11" /><T79/><REACH who="0" step="1"/><D79/><REACH who="0" ten="163,230,262,325" step="2"/><U38/><E38/><V103/><F100/><W62/><G80/><T30/><D30/><U54/><E54/><V115/><F103/><W13/><G39/><T2/><D2/><U84/><E84/><V89/><F110/><W111/><G111/><T5/><D5/><U9/><E9/><V33/><F115/><W15/><G6/><T107/><AGARI ba="0,2" hai="4,10,12,25,29,32,88,90,98,101,107" m="5120" machi="107" ten="40,12000,1" yaku="1,1,0,1,52,1,54,1,53,1" doraHai="64,11" doraHaiUra="3,78" who="0" fromWho="0" sc="163,140,230,-40,262,-40,325,-40" /><INIT seed="4,1,0,0,2,34" ten="303,190,222,285" oya="0" hai0="29,100,128,24,131,79,120,104,39,121,27,111,57" hai1="36,63,116,35,124,117,52,56,30,108,43,123,40" hai2="122,67,53,1,76,70,98,72,59,106,42,17,64" hai3="87,19,135,50,48,91,3,71,78,45,125,99,73"/><T134/><D39/><U13/><E13/><V115/><F122/><N who="0" m="47210" /><D79/><U47/><E123/><V114/><F76/><W55/><G19/><T33/><D57/><U12/><E12/><V88/><F72/><W81/><G50/><T113/><D100/><U7/><E7/><V28/><F28/><W9/><G71/><T11/><D104/><U101/><E101/><V94/><F106/><W102/><G55/><T119/><D119/><N who="1" m="45643" /><E30/><V26/><F42/><W80/><G48/><T82/><D82/><U49/><E35/><V132/><F70/><W20/><G45/><T21/><D113/><N who="2" m="43018" /><F132/><W103/><G135/><T83/><D83/><U6/><E6/><V31/><F17/><W126/><G102/><T110/><D11/><U32/><E43/><V2/><F67/><W105/><G9/><T74/><D74/><U10/><E10/><V109/><F64/><W16/><REACH who="3" step="1"/><G3/><REACH who="3" ten="303,190,222,275" step="2"/><T133/><D134/><U77/><E47/><V62/><F109/><N who="0" m="41482" /><D133/><U15/><E108/><V86/><F98/><W84/><G84/><T5/><D5/><U127/><E36/><V46/><F46/><W18/><G18/><AGARI ba="1,1" hai="18,21,24,27,29,33,128,131" m="41482,47210" machi="18" ten="30,5800,0" yaku="10,1,34,2" doraHai="34" who="0" fromWho="3" sc="303,71,190,0,222,0,275,-61" /><INIT seed="4,2,0,3,5,121" ten="374,190,222,214" oya="0" hai0="113,13,87,57,20,110,112,123,12,76,44,40,71" hai1="45,33,56,21,28,127,61,47,34,48,133,120,80" hai2="19,81,124,65,122,70,58,131,126,104,82,59,97" hai3="119,23,5,117,132,14,32,83,95,62,25,102,94"/><T36/><D71/><U100/><E120/><V98/><F70/><W84/><G132/><T111/><D123/><U46/><E133/><V1/><F122/><W4/><G32/><T88/><D76/><U8/><E127/><V10/><F65/><W35/><G35/><T91/><D57/><U93/><E48/><V24/><F24/><W2/><G2/><T37/><D37/><U60/><E80/><V51/><F51/><W92/><G102/><T107/><D107/><U52/><E8/><V134/><F134/><W69/><G69/><T63/><D63/><U53/><E21/><V135/><F135/><W55/><G117/><T90/><D87/><U89/><E100/><V0/><F10/><W50/><G119/><T118/><D118/><U78/><E78/><V42/><F42/><W17/><G25/><T11/><D20/><U129/><E129/><V9/><F9/><W96/><G96/><T6/><D13/><U79/><E79/><V105/><REACH who="2" step="1"/><F19/><REACH who="2" ten="374,190,212,214" step="2"/><W31/><G31/><T109/><AGARI ba="2,1" hai="6,11,12,36,40,44,88,90,91,109,110,111,112,113" machi="109" ten="40,18000,2" yaku="0,1,10,1,52,3,54,1" doraHai="121" who="0" fromWho="0" sc="374,196,190,-62,212,-62,214,-62" /><INIT seed="4,3,0,0,4,67" ten="570,128,150,152" oya="0" hai0="135,124,133,86,102,31,39,9,1,37,4,85,11" hai1="25,61,54,103,76,87,129,60,125,78,71,30,26" hai2="74,131,73,56,66,109,122,5,40,27,65,41,48" hai3="45,14,132,52,97,113,112,38,120,20,80,111,92"/><T53/><D124/><U82/><E125/><V84/><F109/><W57/><G111/><T12/><D102/><U46/><E129/><V88/><F122/><W59/><G132/><N who="0" m="50763" /><D31/><U130/><E130/><V68/><F131/><W24/><G120/><T115/><D53/><U128/><E128/><V34/><F5/><W16/><G80/><T2/><D115/><N who="3" m="44105" /><G57/><T110/><D110/><U29/><E103/><V22/><F34/><W134/><G38/><N who="0" m="14347" /><D1/><U116/><E116/><V0/><F0/><W49/><G134/><T28/><D28/><U19/><E19/><AGARI ba="3,0" hai="2,4,9,11,12,19,85,86" m="14347,50763" machi="19" ten="30,1500,0" yaku="20,1" doraHai="67" who="0" fromWho="1" sc="570,24,128,-24,150,0,152,0" /><INIT seed="4,4,0,4,2,36" ten="594,104,150,152" oya="0" hai0="112,50,134,61,115,89,74,6,110,39,111,66,118" hai1="15,119,108,32,109,23,70,56,52,133,127,98,0" hai2="17,97,59,10,14,130,7,5,131,11,126,91,129" hai3="44,30,93,101,123,40,135,45,77,41,113,68,79"/><T96/><D74/><U121/><E0/><V114/><F59/><W22/><G68/><N who="0" m="42063" /><D6/><U48/><E32/><V25/><F97/><N who="3" m="59567" /><G135/><T99/><D89/><U33/><E33/><V72/><F72/><W125/><G125/><T4/><D4/><N who="2" m="1610" /><F91/><W82/><G113/><N who="0" m="43595" /><D99/><U49/><E133/><V120/><F114/><W103/><G123/><T46/><D96/><U104/><E121/><V35/><F120/><W76/><G103/><T27/><D27/><U71/><E127/><V29/><F126/><W83/><G45/><T19/><D19/><U8/><E119/><V13/><F13/><W105/><G44/><T26/><D26/><U67/><E104/><V47/><F47/><W116/><G105/><T107/><D107/><U9/><E98/><V3/><F3/><W64/><G64/><T2/><D2/><U80/><E67/><V128/><F128/><W88/><G116/><T124/><D124/><U81/><E15/><V78/><F78/><W24/><G83/><T21/><D21/><AGARI ba="4,0" hai="10,11,14,17,21,25,29,35,129,130,131" m="1610" machi="21" ten="30,3900,0" yaku="19,1,34,2" doraHai="36" who="2" fromWho="0" sc="594,-51,104,0,150,51,152,0" /><INIT seed="5,0,0,5,3,81" ten="543,104,201,152" oya="1" hai0="42,57,56,31,84,105,77,23,111,46,71,14,131" hai1="52,43,102,32,75,95,0,4,11,69,15,98,120" hai2="109,82,86,65,121,112,34,104,8,114,118,51,70" hai3="12,108,9,126,96,7,74,33,129,6,5,119,10"/><U60/><E120/><V37/><F121/><W99/><G108/><T62/><D111/><U91/><E32/><V64/><F37/><W29/><G74/><T122/><D105/><U2/><E75/><V101/><F109/><W47/><G126/><T20/><D122/><U26/><E43/><V80/><F82/><W128/><G47/><T21/><D71/><U30/><E69/><V3/><F34/><W35/><G119/><T87/><D131/><N who="3" m="50249" /><G29/><T132/><D132/><U50/><E60/><V76/><F118/><W134/><G134/><T22/><D77/><U53/><E102/><V45/><F104/><W103/><G99/><T117/><D117/><U123/><E123/><V67/><F101/><W38/><G38/><T40/><D56/><U83/><E83/><V63/><F3/><N who="3" m="191" /><G6/><T79/><D79/><U61/><E61/><V100/><F8/><W36/><G36/><T135/><D135/><U89/><E89/><V55/><F100/><W88/><G88/><T92/><D92/><AGARI ba="0,0" hai="7,10,12,33,35,92,96,103" m="191,50249" machi="92" ten="30,1000,0" yaku="19,1" doraHai="81" who="3" fromWho="0" sc="543,-10,104,0,201,0,152,10" /><INIT seed="6,0,0,5,3,112" ten="533,104,201,162" oya="2" hai0="107,132,0,85,6,88,39,70,21,15,135,131,35" hai1="65,72,38,66,69,60,119,95,17,7,124,126,5" hai2="33,29,43,57,16,68,100,86,90,123,117,79,22" hai3="40,61,58,50,111,37,56,4,75,101,129,46,9"/><V127/><F68/><W77/><G111/><T49/><D39/><U28/><E38/><V51/><F123/><W122/><G122/><T110/><D110/><U48/><E72/><V24/><F100/><W41/><G129/><T82/><D131/><U23/><E28/><V81/><F127/><W11/><G101/><T80/><D107/><U10/><E66/><V94/><F117/><W109/><G109/><T108/><D70/><U36/><E36/><V125/><F125/><W134/><G134/><T76/><D35/><U19/><E126/><V14/><F43/><W42/><G11/><T53/><D108/><U104/><E104/><V87/><F51/><W96/><G96/><T64/><D64/><U55/><E124/><V91/><F57/><N who="3" m="22123" /><G50/><T67/><D67/><U103/><E119/><V118/><F118/><W12/><G12/><T83/><D0/><U31/><E31/><V121/><F121/><W2/><G61/><T44/><D6/><N who="1" m="2059" /><E10/><N who="2" m="6231" /><F33/><W26/><G26/><T102/><D102/><U133/><E133/><N who="0" m="51273" /><D76/><AGARI ba="0,0" hai="22,24,29,76,79,81,86,87,90,91,94" m="6231" machi="76" ten="30,2900,0" yaku="8,1,54,1" doraHai="112" who="2" fromWho="0" sc="533,-29,104,0,201,29,162,0" /><INIT seed="6,1,0,0,1,29" ten="504,104,230,162" oya="2" hai0="43,119,5,115,44,21,50,20,112,88,118,55,65" hai1="71,31,72,60,101,36,6,100,103,49,26,94,95" hai2="80,24,13,57,99,127,123,89,62,17,79,126,128" hai3="54,125,86,53,97,64,52,58,134,12,124,122,23"/><V25/><F123/><W77/><G122/><T75/><D65/><U30/><E36/><V111/><F111/><W67/><G134/><T35/><D75/><U8/><E72/><V45/><F45/><W130/><G130/><T105/><D105/><U87/><E71/><V76/><F128/><W85/><G97/><T132/><D132/><U117/><E117/><N who="0" m="44553" /><D5/><U46/><E60/><V92/><F127/><N who="3" m="48715" /><G77/><T135/><D135/><U120/><E120/><V74/><F79/><W3/><G3/><T16/><D35/><U34/><E30/><V2/><F2/><W47/><G47/><T98/><D43/><U48/><E87/><N who="3" m="33290" /><G58/><T32/><D32/><U84/><E84/><V28/><F28/><W70/><G70/><T42/><D42/><U106/><E106/><V69/><F69/><W133/><G133/><T108/><D108/><U9/><E9/><V131/><F131/><W107/><G107/><T37/><D37/><U19/><E19/><AGARI ba="1,0" hai="12,19,23,52,53,54,64,67" m="33290,48715" machi="19" ten="40,2600,0" yaku="18,1,54,1" doraHai="29" who="3" fromWho="1" sc="504,0,104,-29,230,0,162,29" /><INIT seed="7,0,0,4,5,30" ten="504,75,230,191" oya="3" hai0="128,19,47,32,85,6,96,76,54,20,108,68,72" hai1="70,87,59,14,99,62,90,74,33,28,95,119,122" hai2="92,58,9,61,22,10,80,17,3,48,36,113,86" hai3="84,124,16,103,105,55,60,109,11,15,12,71,67"/><W130/><G130/><T77/><D108/><U114/><E122/><V126/><F36/><W125/><G109/><T8/><D68/><U117/><E114/><V135/><F3/><W75/><G75/><T79/><D32/><U64/><E74/><V78/><F135/><W50/><G84/><T21/><D72/><U23/><E59/><V13/><F126/><W100/><G12/><T31/><D31/><U42/><E42/><V53/><F113/><W116/><G116/><T18/><D96/><U26/><E14/><V34/><F34/><W66/><G66/><T7/><D85/><U39/><E39/><V91/><F61/><W101/><REACH who="3" step="1"/><G105/><REACH who="3" ten="504,75,230,181" step="2"/><T73/><D73/><AGARI ba="0,1" hai="9,10,13,17,22,48,53,58,73,78,80,86,91,92" machi="73" ten="30,3900,0" yaku="7,1,25,2" doraHai="30" who="2" fromWho="0" sc="504,-39,75,0,230,49,181,0" owari="465,56.0,75,-42.0,279,8.0,181,-22.0" /></mjloggm>