<mjloggm ver="2.3"><GO type="225" lobby="0"/><UN n0="%E5%B0%8F%E6%B1%A0%E5%BE%B9%E5%B9%B3" n1="%E5%AE%89%E6%B2%B3%E5%86%85%E2%98%86%E7%BE%8E%E5%AD%90" n2="%E5%A9%9A%E6%B4%BB%E7%94%9F%40%E5%B7%9D%E6%9D%91%E8%BB%8D%E5%9B%A3" n3="%E3%81%9B%E3%81%95%E3%81%BF%E3%82%93%E2%99%AA" dan="18,16,17,16" rate="2279.49,2114.48,2235.58,2131.03" sx="M,F,M,F"/><TAIKYOKU oya="0"/><INIT seed="0,0,0,1,3,29" ten="250,250,250,250" oya="0" hai0="128,72,0,77,85,89,117,119,68,67,37,52,56" hai1="130,75,65,101,79,4,25,54,14,38,113,88,35" hai2="87,108,30,124,26,127,123,78,9,82,121,115,94" hai3="11,61,107,46,111,2,43,97,32,27,112,71,92"/><T99/><D0/><U42/><E65/><V18/><F115/><W74/><G111/><T84/><D37/><U1/><E14/><N who="2" m="7503" /><F94/><W28/><G112/><T104/><D128/><U10/><E54/><V59/><F59/><W33/><G74/><T36/><D36/><U103/><E88/><V131/><F131/><W81/><G81/><T39/><D39/><U53/><E53/><V58/><F58/><W7/><G92/><T64/><D72/><U63/><E63/><V118/><F118/><W109/><G109/><T125/><D125/><N who="2" m="48202" /><F108/><W86/><G43/><T5/><D67/><U106/><E106/><V60/><F60/><W41/><G41/><T76/><D104/><U132/><E42/><V90/><F90/><W40/><G40/><T66/><D89/><U48/><E130/><V31/><F31/><W129/><G46/><T91/><D91/><U19/><E113/><V15/><F15/><W70/><G129/><T98/><D56/><U12/><E12/><V73/><F73/><W16/><G70/><T95/><D95/><U44/><E38/><V8/><F8/><W23/><G86/><T17/><D68/><U13/><E10/><V55/><F55/><W20/><G107/><T105/><D52/><U122/><E13/><V34/><AGARI ba="0,0" hai="26,30,34,78,82,87,121,123" m="48202,7503" machi="34" ten="30,2000,0" yaku="18,1,52,1" doraHai="29" who="2" fromWho="2" sc="250,-10,250,-5,250,20,250,-5" /><INIT seed="1,0,0,0,0,90" ten="240,245,270,245" oya="1" hai0="66,116,54,101,130,25,56,92,69,99,11,68,123" hai1="49,4,73,32,52,78,60,40,20,13,18,85,19" hai2="103,10,88,121,93,59,135,84,53,1,132,105,22" hai3="3,127,80,118,134,104,35,44,41,28,100,45,125"/><U70/><E32/><V77/><F121/><W83/><G134/><N who="2" m="51241" /><F77/><W120/><G120/><T82/><D123/><U16/><E73/><V7/><F22/><W43/><G118/><T126/><D116/><U51/><E70/><V129/><F129/><W12/><G3/><T128/><D126/><N who="3" m="48137" /><G104/><T75/><D11/><N who="1" m="4327" /><E40/><N who="3" m="15434" /><G100/><T98/><D66/><U61/><E20/><V5/><F5/><W94/><G12/><T111/><D111/><U39/><E51/><N who="2" m="31167" /><F103/><W64/><G64/><T86/><D75/><U62/><E39/><V72/><F72/><W108/><G108/><T122/><D122/><U34/><E34/><V23/><F23/><W114/><G114/><T29/><D130/><U38/><E38/><V26/><F26/><N who="3" m="18839" /><G94/><T8/><D128/><U47/><E61/><V27/><F27/><W55/><G55/><T17/><D25/><U112/><E112/><V36/><F36/><W31/><G31/><T33/><D29/><U96/><E96/><V95/><F105/><W2/><G80/><AGARI ba="0,0" hai="16,18,19,47,49,52,60,62,78,80,85" m="4327" machi="80" ten="30,5800,0" yaku="8,1,54,2" doraHai="90" who="1" fromWho="3" sc="240,0,245,58,270,0,245,-58" /><AGARI ba="0,0" hai="1,7,10,80,84,88,93,95" m="31167,51241" machi="80" ten="30,7700,0" yaku="20,1,52,2,54,1" doraHai="90" who="2" fromWho="3" sc="240,0,303,0,270,77,187,-77" /><INIT seed="1,1,0,3,4,103" ten="240,303,347,110" oya="1" hai0="96,90,56,20,27,70,6,115,9,106,47,93,61" hai1="43,123,105,107,114,67,45,99,69,125,134,8,13" hai2="25,41,122,113,129,110,128,54,86,88,51,76,117" hai3="23,53,91,120,34,64,28,108,85,97,52,32,12"/><U36/><E123/><V121/><F117/><W38/><G120/><T82/><D115/><U21/><E114/><V10/><F113/><W33/><G108/><T109/><D109/><U71/><E125/><V89/><F110/><W73/><G73/><T127/><D127/><U102/><E134/><V18/><F41/><W84/><G38/><T26/><D70/><U87/><E87/><V30/><F76/><W133/><G133/><T24/><D82/><U0/><E0/><V77/><F77/><W7/><G64/><T4/><D47/><U135/><E135/><V119/><F119/><W11/><G97/><T72/><D72/><U3/><E3/><V55/><F55/><W39/><G39/><T35/><D35/><U68/><E21/><N who="2" m="15663" /><F89/><W100/><G100/><T118/><D118/><U42/><E42/><V16/><F121/><W92/><REACH who="3" step="1"/><G84/><REACH who="3" ten="240,303,347,100" step="2"/><T15/><D106/><U94/><REACH who="1" step="1"/><E67/><REACH who="1" ten="240,293,347,100" step="2"/><V48/><F122/><W57/><G57/><T46/><D46/><U132/><E132/><V104/><F86/><W112/><G112/><T63/><D56/><U80/><E80/><V37/><F129/><W62/><G62/><T78/><D61/><U2/><E2/><V49/><F128/><W14/><G14/><T83/><D63/><U19/><AGARI ba="1,2" hai="8,13,19,36,43,45,68,69,71,94,99,102,105,107" machi="19" ten="30,11700,0" yaku="1,1,0,1,52,2,53,0" doraHai="103" doraHaiUra="124" who="1" fromWho="1" sc="240,-40,293,140,347,-40,100,-40" /><INIT seed="1,2,0,4,4,36" ten="200,433,307,60" oya="1" hai0="70,78,3,10,43,29,73,71,56,102,58,106,16" hai1="97,132,96,72,125,15,24,61,7,127,46,49,64" hai2="35,44,37,1,68,94,120,9,84,129,17,110,104" hai3="69,54,65,40,45,98,23,59,123,25,34,90,13"/><U109/><E72/><V30/><F104/><W62/><G123/><T130/><D29/><U91/><E132/><V32/><F68/><W92/><G34/><T0/><D106/><U20/><E109/><V99/><F120/><W121/><G121/><T5/><D102/><U108/><E108/><V51/><F37/><W31/><G13/><T100/><D100/><U79/><E79/><V107/><F107/><W55/><REACH who="3" step="1"/><G69/><REACH who="3" ten="200,433,307,50" step="2"/><T87/><D70/><N who="1" m="42255" /><E15/><V82/><F35/><W116/><G116/><T47/><D71/><U28/><E24/><V133/><F32/><W135/><G135/><T80/><D0/><U42/><E125/><V4/><F133/><W119/><G119/><T126/><D126/><U27/><E27/><V77/><F110/><W122/><G122/><T57/><D130/><U67/><E127/><V39/><F129/><W60/><G60/><T134/><D134/><U21/><E28/><V86/><F30/><W85/><G85/><T93/><D87/><U52/><E97/><V89/><F17/><W33/><G33/><T14/><D14/><U95/><E96/><V48/><F99/><W76/><G76/><T74/><D74/><U19/><E19/><V8/><F8/><W53/><G53/><T111/><D111/><U128/><E52/><V11/><F11/><W6/><G6/><T103/><D16/><U38/><E7/><V118/><F118/><W66/><G66/><T41/><D5/><U26/><E67/><V18/><F18/><W83/><G83/><N who="0" m="45519" /><D3/><U22/><E128/><V112/><F112/><W131/><G131/><T2/><D2/><RYUUKYOKU ba="2,1" sc="200,-15,433,-15,307,15,50,15" hai2="1,4,9,39,44,48,51,77,82,84,86,89,94" hai3="23,25,31,40,45,54,55,59,62,65,90,92,98" /><INIT seed="2,3,1,3,3,130" ten="185,418,322,65" oya="2" hai0="85,78,90,7,102,0,98,77,118,13,128,38,28" hai1="80,39,31,69,68,87,91,43,100,72,134,81,129" hai2="51,34,99,27,21,16,47,110,22,101,83,45,14" hai3="36,135,18,32,97,6,61,37,64,117,50,73,106"/><V40/><F34/><W54/><G117/><T42/><D0/><U66/><E100/><V127/><F127/><W62/><G73/><T17/><D7/><U3/><E31/><V2/><F2/><W33/><G6/><T119/><D128/><U125/><E129/><V132/><F132/><W41/><G135/><T107/><D28/><U35/><E134/><V29/><F110/><W25/><G33/><T133/><D133/><U89/><E125/><V44/><REACH who="2" step="1"/><F83/><REACH who="2" ten="185,418,312,65" step="2"/><W120/><G32/><T11/><D119/><U126/><E35/><V15/><F15/><W94/><G120/><T12/><D12/><U115/><E3/><V105/><AGARI ba="3,2" hai="14,16,21,22,27,29,40,44,45,47,51,99,101,105" machi="105" ten="20,7800,0" yaku="1,1,0,1,7,1,54,1,53,0" doraHai="130" doraHaiUra="58" who="2" fromWho="2" sc="185,-29,418,-29,312,107,65,-29" /><INIT seed="2,4,0,2,0,91" ten="156,389,419,36" oya="2" hai0="34,121,124,40,126,87,31,131,107,20,11,3,73" hai1="29,58,21,75,80,85,101,16,133,83,4,26,97" hai2="36,52,1,74,49,59,134,95,5,99,54,127,123" hai3="118,115,37,24,8,45,46,114,81,22,64,57,86"/><V39/><F123/><W90/><G118/><T25/><D73/><U62/><E75/><V109/><F74/><W89/><G8/><T120/><D107/><U96/><E133/><V28/><F28/><W12/><G12/><T44/><D131/><U112/><E112/><N who="3" m="43050" /><G37/><N who="0" m="21519" /><D87/><U48/><E4/><V51/><F134/><W79/><G79/><T71/><D20/><U30/><E48/><V18/><F127/><N who="0" m="48682" /><D71/><U128/><E128/><V63/><F109/><W93/><G57/><T98/><D98/><N who="1" m="37995" /><E101/><V129/><F129/><W108/><G64/><T113/><D113/><U70/><E70/><V122/><F122/><W104/><G104/><T84/><D84/><U17/><E83/><V119/><F119/><W43/><G108/><T103/><D103/><U69/><E69/><V65/><F5/><AGARI ba="4,0" hai="3,5,11,25,31,34,120,121" m="48682,21519" machi="5" ten="30,2000,0" yaku="18,1,23,1" doraHai="91" who="0" fromWho="2" sc="156,32,389,0,419,-32,36,0" /><INIT seed="3,0,0,3,2,110" ten="188,389,387,36" oya="3" hai0="55,73,26,24,100,124,70,102,42,117,14,96,85" hai1="90,109,10,78,103,27,92,2,15,6,83,5,116" hai2="44,56,1,48,125,60,74,98,97,47,9,53,11" hai3="101,71,132,4,23,120,106,57,128,99,22,121,113"/><W93/><G71/><T107/><D73/><U19/><E116/><V134/><F74/><W79/><G132/><T87/><D117/><U105/><E109/><V29/><F125/><W40/><G40/><T41/><D70/><U135/><E135/><V114/><F114/><W18/><G4/><T58/><D124/><U51/><E105/><V8/><F1/><W122/><G79/><T68/><D68/><U3/><E103/><N who="0" m="39465" /><D107/><U37/><E37/><V7/><F134/><W20/><G113/><T35/><D35/><U33/><E27/><N who="0" m="10281" /><D96/><N who="2" m="36970" /><F29/><W39/><G39/><T104/><D14/><U86/><E33/><V123/><F123/><W66/><G106/><T91/><D104/><U21/><E3/><V45/><F7/><W75/><G75/><T64/><D64/><AGARI ba="0,0" hai="8,9,11,44,45,47,48,53,56,60,64" m="36970" machi="64" ten="30,1000,0" yaku="8,1" doraHai="110" who="2" fromWho="0" sc="188,-10,389,0,387,10,36,0" owari="178,-22.0,389,19.0,397,49.0,36,-46.0" /></mjloggm>