<mjloggm ver="2.3"><GO type="169" lobby="0"/><UN n0="%E6%94%BE%E9%8A%83%E6%99%82%E8%A3%8F%E4%B9%97%E7%8E%87%E5%85%AD%E5%89%B2" n1="%E3%83%AA%E3%83%83%E3%83%97%E3%83%AB%E3%83%A9%E3%83%83%E3%83%97%E3%83%AB" n2="%E3%80%93%E5%AE%AE%E6%A3%AE%E3%81%82%E3%81%8A%E3%81%84%E3%80%93" n3="%E6%A9%8B%E5%A0%B4" dan="16,16,17,17" rate="2097.70,2118.82,2157.88,2107.45" sx="M,F,F,M"/><TAIKYOKU oya="0"/><INIT seed="0,0,0,0,4,116" ten="250,250,250,250" oya="0" hai0="30,2,25,45,57,74,97,121,48,23,131,5,66" hai1="89,123,55,110,119,77,75,115,86,8,43,56,10" hai2="72,108,27,92,32,129,58,33,40,91,7,84,6" hai3="49,114,80,120,60,31,34,41,103,9,4,46,39"/><T37/><D74/><U42/><E119/><V65/><F72/><W113/><G103/><T22/><D131/><U68/><E68/><V35/><F129/><W81/><G60/><T76/><D76/><U51/><E110/><V85/><F108/><W79/><G81/><T122/><D37/><U16/><E115/><V20/><F40/><W83/><G80/><T63/><D23/><U87/><E123/><V62/><REACH who="2" step="1"/><F85/><REACH who="2" ten="250,250,240,250" step="2"/><W44/><G114/><T13/><D2/><U128/><E87/><V64/><F64/><W1/><G113/><T14/><D97/><U3/><E3/><V100/><F100/><W0/><G0/><T126/><D126/><U82/><E128/><V59/><F59/><W47/><G47/><T26/><D122/><U112/><E112/><V19/><AGARI ba="0,1" hai="6,7,19,20,27,32,33,35,58,62,65,84,91,92" machi="19" ten="30,4000,0" yaku="1,1,0,1,53,1" doraHai="116" doraHaiUra="52" who="2" fromWho="2" sc="250,-20,250,-10,240,50,250,-10" /><INIT seed="1,0,0,2,1,65" ten="230,240,290,240" oya="1" hai0="79,122,118,106,83,94,73,35,125,38,56,14,13" hai1="128,37,123,34,103,110,18,89,71,64,41,121,114" hai2="48,21,130,55,11,84,96,52,129,87,93,135,81" hai3="25,46,80,117,3,86,112,39,115,102,69,5,7"/><U109/><E128/><N who="2" m="49259" /><F135/><W58/><G102/><T43/><D106/><U88/><E114/><V9/><F21/><W70/><G3/><T85/><D118/><U47/><E34/><V105/><F105/><W126/><G39/><T61/><D35/><U23/><E103/><N who="2" m="60815" /><F87/><W74/><G74/><T53/><D125/><U100/><E100/><V76/><F55/><W131/><G131/><T78/><D122/><U40/><E40/><V49/><F49/><W36/><G36/><T92/><D38/><U10/><E10/><V15/><F15/><W16/><G126/><T113/><D43/><U77/><E77/><V45/><AGARI ba="0,0" hai="9,11,45,48,52,76,81,84" m="60815,49259" machi="45" ten="30,2000,0" yaku="19,1,54,1" doraHai="65" who="2" fromWho="2" sc="230,-5,240,-10,290,20,240,-5" /><INIT seed="2,0,0,3,0,26" ten="225,230,310,235" oya="2" hai0="80,60,131,92,134,18,25,13,4,109,61,97,0" hai1="121,53,64,114,15,6,128,65,39,7,56,132,107" hai2="96,59,123,69,119,78,105,22,29,118,44,16,126" hai3="67,42,106,20,129,27,54,111,82,98,11,116,120"/><V35/><F69/><W84/><G116/><T41/><D109/><U43/><E114/><V83/><F123/><W47/><G120/><T58/><D131/><U101/><E121/><V125/><F59/><W1/><G111/><T55/><D134/><U9/><E6/><V34/><F44/><W108/><G108/><T74/><D41/><U130/><E132/><V79/><F105/><W135/><G129/><N who="1" m="49770" /><E101/><V89/><F96/><W19/><G135/><T21/><D0/><U63/><E107/><V32/><F89/><W10/><G67/><T33/><D74/><U68/><E68/><V23/><F83/><W86/><G86/><T40/><D40/><U71/><E71/><V50/><F50/><N who="3" m="26999" /><G1/><T99/><D33/><U115/><E115/><V76/><F29/><W100/><G106/><T8/><D99/><U103/><E103/><V38/><F38/><W81/><G81/><T104/><D104/><U77/><E77/><V110/><F110/><W72/><G72/><T91/><REACH who="0" step="1"/><D80/><REACH who="0" ten="215,230,310,235" step="2"/><U73/><E73/><V112/><F112/><W57/><G98/><T45/><D45/><AGARI ba="0,1" hai="7,9,15,39,43,45,53,56,63,64,65" m="49770" machi="45" ten="30,1000,0" yaku="19,1" doraHai="26" who="1" fromWho="0" sc="215,-10,230,20,310,0,235,0" /><INIT seed="3,0,0,2,4,55" ten="205,250,310,235" oya="3" hai0="57,119,79,2,20,83,40,29,47,11,111,24,130" hai1="44,1,6,58,23,27,87,98,128,42,30,100,17" hai2="71,77,38,22,80,118,123,12,132,3,48,56,13" hai3="14,124,61,108,52,41,4,43,107,21,37,45,91"/><W15/><G107/><T36/><D119/><U109/><E109/><V96/><F118/><W65/><G108/><T104/><D111/><U28/><E128/><V94/><F3/><W86/><G124/><T33/><D130/><U66/><E87/><V99/><F38/><W26/><G41/><T112/><D20/><U125/><E125/><V90/><F71/><W117/><G117/><T70/><D57/><U110/><E110/><V60/><F132/><W116/><G116/><T122/><D112/><U35/><E35/><V120/><F48/><W69/><G4/><T74/><D122/><N who="2" m="46634" /><F99/><W18/><REACH who="3" step="1"/><G52/><REACH who="3" ten="205,250,310,225" step="2"/><T121/><D121/><U97/><E6/><V101/><F101/><W134/><G134/><T126/><D126/><U67/><E100/><V50/><F50/><W51/><G51/><T0/><D104/><U10/><E42/><V54/><F22/><W63/><G63/><T25/><D40/><U68/><E23/><V85/><AGARI ba="0,1" hai="12,13,54,56,60,77,80,85,90,94,96" m="46634" machi="85" ten="30,2000,0" yaku="13,1,52,1" doraHai="55" who="2" fromWho="2" sc="205,-5,250,-5,310,30,225,-10" /><INIT seed="4,0,0,3,2,18" ten="200,245,340,215" oya="0" hai0="74,88,5,84,48,124,67,102,117,110,15,39,123" hai1="29,58,85,44,120,41,132,112,64,86,25,28,49" hai2="61,37,55,62,65,4,7,129,80,83,92,21,73" hai3="54,36,99,111,94,23,95,131,116,96,11,63,8"/><T33/><D117/><U107/><E107/><V121/><F121/><W6/><G116/><T1/><D123/><U43/><E132/><V122/><F122/><W59/><G111/><T118/><D118/><U71/><E71/><V2/><F37/><W31/><G36/><T66/><D39/><U106/><E106/><V19/><F2/><W97/><G131/><T79/><D33/><U69/><E69/><V133/><F133/><W40/><G40/><T47/><D1/><U38/><E112/><V56/><F129/><W9/><REACH who="3" step="1"/><G6/><REACH who="3" ten="200,245,340,205" step="2"/><T104/><D110/><U91/><E43/><V17/><F4/><W114/><G114/><T115/><D115/><U12/><E41/><V130/><F7/><W75/><G75/><T50/><D124/><U3/><E120/><V87/><F73/><W26/><AGARI ba="0,1" hai="8,9,11,23,26,31,54,59,63,94,95,96,97,99" machi="26" ten="40,8000,1" yaku="1,1,0,1,8,1,52,1,53,0" doraHai="18" doraHaiUra="10" who="3" fromWho="3" sc="200,-40,245,-20,340,-20,205,90" /><INIT seed="5,0,0,0,4,16" ten="160,225,320,295" oya="1" hai0="44,85,117,131,22,100,121,50,62,116,37,130,82" hai1="72,77,88,115,28,71,25,132,23,59,108,99,89" hai2="46,98,3,14,129,58,36,30,103,10,56,75,109" hai3="80,96,4,118,105,32,57,38,18,113,63,125,83"/><U135/><E71/><V124/><F109/><W1/><G38/><T8/><D100/><U81/><E115/><V61/><F75/><W34/><G1/><T101/><D101/><U128/><E128/><N who="0" m="49193" /><D37/><U86/><E108/><V106/><F129/><W102/><G4/><T19/><D62/><U95/><E59/><V119/><F3/><W40/><G40/><T94/><D94/><U29/><E29/><V134/><F119/><W2/><G2/><T49/><D8/><U91/><REACH who="1" step="1"/><E72/><REACH who="1" ten="160,215,320,295" step="2"/><V11/><F56/><W42/><G113/><T5/><D117/><U93/><E93/><V78/><F58/><W87/><G118/><T26/><D116/><U73/><E73/><V33/><F30/><W90/><G57/><T133/><D121/><U31/><E31/><V9/><F61/><W48/><G63/><T60/><D60/><U123/><E123/><V126/><F126/><W111/><G125/><T114/><D114/><U21/><E21/><V70/><F124/><W55/><G111/><T12/><D133/><AGARI ba="0,1" hai="23,25,28,77,81,86,88,89,91,95,99,132,133,135" machi="133" ten="40,12000,1" yaku="1,1,20,1,52,1,54,1,53,1" doraHai="16" doraHaiUra="24" who="1" fromWho="0" sc="160,-120,215,130,320,0,295,0" /><INIT seed="5,1,0,3,0,116" ten="40,345,320,295" oya="1" hai0="88,28,106,93,23,95,131,16,79,24,55,9,86" hai1="70,121,35,125,39,68,5,22,132,90,110,48,25" hai2="7,105,1,114,104,85,41,15,56,19,67,72,58" hai3="33,82,113,87,108,109,50,122,74,80,57,27,77"/><U36/><E35/><V123/><F72/><W26/><G113/><T102/><D131/><U98/><E5/><V63/><F114/><W20/><G122/><T62/><D106/><U31/><E121/><V76/><F123/><W14/><G14/><T45/><D79/><U30/><E30/><V134/><F134/><W71/><G71/><T128/><D128/><U84/><E132/><V2/><F41/><W32/><G32/><T78/><D78/><U44/><E98/><V61/><F76/><W83/><G33/><T103/><D95/><U8/><E8/><V96/><F85/><W115/><G26/><T60/><D60/><U129/><E125/><V73/><F73/><W124/><G124/><T37/><D37/><U38/><E110/><V52/><F7/><W126/><G115/><T18/><D28/><U117/><E117/><V135/><F135/><W43/><G82/><T66/><D66/><U6/><E6/><V4/><F4/><W97/><G97/><T12/><REACH who="0" step="1"/><D62/><REACH who="0" ten="30,345,320,295" step="2"/><U34/><E129/><V89/><F104/><W46/><G126/><T64/><D64/><U112/><E112/><V51/><F63/><W59/><G108/><T81/><D81/><U49/><E38/><V13/><F105/><W21/><G109/><T40/><D40/><U120/><E39/><V0/><REACH who="2" step="1"/><F19/><REACH who="2" ten="30,345,310,295" step="2"/><W99/><G74/><T42/><D42/><N who="1" m="24599" /><E120/><V107/><F107/><W100/><G77/><T118/><D118/><U54/><E36/><V127/><F127/><W69/><G83/><T65/><D65/><U17/><E17/><V94/><AGARI ba="1,2" hai="0,1,2,13,15,51,52,56,58,61,67,89,94,96" machi="94" ten="40,5200,0" yaku="1,1,0,1,54,1,53,0" doraHai="116" doraHaiUra="130" who="2" fromWho="2" sc="30,-14,345,-27,310,75,295,-14" /><INIT seed="6,0,0,5,3,58" ten="16,318,385,281" oya="2" hai0="121,123,86,73,74,76,45,0,126,95,105,43,32" hai1="48,96,99,104,16,22,124,134,108,102,114,44,41" hai2="23,88,129,36,12,107,6,93,130,17,68,24,30" hai3="60,115,11,25,20,132,57,106,4,98,5,113,135"/><V103/><F36/><W111/><G106/><T29/><D86/><U120/><E114/><N who="3" m="43530" /><G98/><T40/><D95/><U14/><E134/><N who="3" m="51242" /><G111/><T42/><D45/><U65/><E124/><V31/><F107/><W72/><G72/><T54/><D105/><U89/><E120/><V27/><F103/><W109/><G11/><T81/><D54/><U116/><E116/><V10/><F68/><W78/><G78/><T38/><D29/><U61/><E108/><V100/><F100/><W92/><G92/><T77/><D38/><U13/><E96/><V69/><F69/><W84/><G84/><T79/><D81/><U50/><E89/><V67/><F88/><W62/><G62/><T101/><D101/><U56/><REACH who="1" step="1"/><E50/><REACH who="1" ten="16,308,385,281" step="2"/><V33/><F129/><W19/><G109/><T59/><D59/><U7/><E7/><V9/><F130/><W52/><AGARI ba="0,1" hai="4,5,19,20,25,52,57,60" m="51242,43530" machi="52" ten="30,8000,1" yaku="15,1,11,1,20,1,52,1,54,1" doraHai="58" who="3" fromWho="3" sc="16,-20,308,-20,385,-40,281,90" owari="-4,-50.0,288,-11.0,345,15.0,371,46.0" /></mjloggm>