<mjloggm ver="2.3"><GO type="225" lobby="0"/><UN n0="%E3%82%8C%E3%81%A3%E3%81%A9%E3%81%A9%E3%81%A3%E3%81%90" n1="%E3%81%8D%E3%82%8A%E3%81%B5%E3%81%A0" n2="%E3%82%A2%E3%83%BC%E3%83%8E%E3%83%83%E3%83%84" n3="%74%72%69%65%74%74%61" dan="16,17,16,16" rate="2077.72,2184.10,2107.85,2116.72" sx="F,M,F,M"/><TAIKYOKU oya="0"/><INIT seed="0,0,0,0,0,86" ten="250,250,250,250" oya="0" hai0="93,22,109,112,71,95,114,78,117,79,89,74,56" hai1="103,23,126,21,73,35,9,42,18,45,132,130,100" hai2="61,50,83,94,125,12,108,67,111,82,104,34,128" hai3="62,0,69,113,46,13,72,127,53,37,99,64,85"/><T49/><D71/><U39/><E35/><V33/><F104/><W44/><G113/><T6/><D117/><U4/><E130/><V65/><F128/><W97/><G72/><T47/><D6/><U92/><E132/><V41/><F12/><W48/><G0/><T40/><D109/><N who="2" m="42058" /><F94/><W129/><G127/><T59/><D95/><U96/><E126/><V1/><F1/><W119/><G119/><T115/><D74/><U29/><E29/><V120/><F120/><W131/><G85/><T122/><D122/><U135/><E135/><V27/><F27/><W8/><G99/><T134/><D134/><U30/><E30/><V77/><F125/><W2/><G97/><T28/><D79/><U106/><E73/><N who="2" m="43311" /><F83/><W98/><G98/><N who="0" m="57647" /><D78/><U24/><E106/><V88/><F88/><W20/><G2/><T10/><D112/><U17/><E103/><V123/><F123/><W66/><G20/><T70/><D70/><U32/><E32/><N who="2" m="12395" /><F61/><N who="3" m="40079" /><G8/><T124/><D124/><U63/><E63/><V87/><F87/><W36/><G13/><T55/><D10/><U3/><E23/><V52/><F41/><N who="3" m="22575" /><G36/><T58/><D114/><U90/><E100/><V68/><F68/><AGARI ba="0,0" hai="46,48,53,62,66,68,129,131" m="22575,40079" machi="68" ten="30,2000,0" yaku="34,2" doraHai="86" who="3" fromWho="2" sc="250,0,250,0,250,-20,250,20" /><INIT seed="1,0,0,5,0,13" ten="250,250,230,270" oya="1" hai0="40,123,102,114,6,111,130,62,66,134,14,56,122" hai1="110,98,54,31,131,45,121,15,93,79,113,21,132" hai2="78,82,71,92,76,55,37,22,24,16,126,51,73" hai3="75,65,12,88,108,32,58,74,53,124,67,8,103"/><U83/><E113/><V34/><F37/><W18/><G32/><T47/><D114/><U36/><E121/><N who="0" m="46089" /><D102/><U68/><E68/><V39/><F39/><W11/><G108/><T86/><D111/><U105/><E105/><V48/><F71/><W69/><G124/><T109/><D109/><U99/><E110/><V135/><F126/><W33/><G33/><T25/><D25/><U120/><E120/><V115/><F115/><W84/><G103/><T104/><D104/><U128/><E132/><V61/><F135/><W116/><G116/><T5/><D134/><U43/><E54/><V38/><F38/><W133/><G133/><T81/><D130/><U30/><E99/><V17/><F76/><W107/><G107/><T129/><D129/><U119/><E119/><V0/><F0/><W85/><G85/><T100/><D100/><U26/><E31/><V101/><F34/><W59/><G69/><T91/><D14/><U3/><E15/><V9/><F101/><W90/><G84/><T94/><D81/><U50/><E3/><V23/><F92/><W49/><G12/><T106/><D106/><U97/><E97/><V95/><F95/><W89/><G89/><T80/><D80/><U41/><E93/><V29/><F82/><W112/><G112/><T4/><D4/><U117/><E98/><V35/><F78/><W60/><G65/><T72/><D72/><N who="3" m="27689" /><G11/><T52/><D66/><U2/><E2/><V27/><F73/><W28/><G28/><T127/><D127/><U57/><E117/><V7/><F9/><W70/><G70/><T96/><D96/><RYUUKYOKU ba="0,0" sc="250,15,250,-15,230,-15,270,15" hai0="5,6,40,47,52,56,62,86,91,94" hai3="8,18,49,53,58,59,60,67,88,90" /><INIT seed="2,1,0,4,3,39" ten="265,235,215,285" oya="2" hai0="88,96,14,12,122,68,74,126,113,128,129,132,51" hai1="110,85,5,63,58,91,67,28,75,115,77,42,40" hai2="125,36,119,103,133,37,80,62,0,86,8,43,108" hai3="49,127,11,89,38,17,123,72,131,30,66,90,101"/><V24/><F119/><W20/><G38/><T46/><D68/><U83/><E115/><V79/><F125/><W112/><G72/><T102/><D74/><U71/><E110/><V35/><F108/><W78/><G123/><T6/><D113/><U76/><E71/><V118/><F118/><W105/><G78/><N who="1" m="30314" /><E75/><V21/><F35/><W106/><G131/><N who="0" m="50251" /><D122/><U15/><E28/><V98/><F133/><W92/><G30/><T26/><D26/><U130/><E130/><V29/><F62/><W4/><G101/><T124/><D6/><U135/><E135/><V104/><REACH who="2" step="1"/><F43/><REACH who="2" ten="265,235,205,285" step="2"/><W100/><G127/><N who="0" m="48683" /><D132/><U23/><E5/><AGARI ba="1,1" hai="0,5,8,21,24,29,36,37,79,80,86,98,103,104" machi="5" ten="40,2000,0" yaku="1,1,53,0" doraHai="39" doraHaiUra="41" who="2" fromWho="1" sc="265,0,235,-23,205,33,285,0" /><INIT seed="2,2,0,0,3,95" ten="265,212,238,285" oya="2" hai0="0,6,97,104,49,16,99,38,55,76,78,118,121" hai1="123,87,13,56,36,26,135,92,131,81,54,41,122" hai2="11,53,50,62,44,89,1,70,65,134,120,85,23" hai3="69,57,129,10,94,133,82,112,17,48,86,63,128"/><V5/><F120/><W47/><G133/><T15/><D38/><U98/><E135/><V14/><F134/><W21/><G112/><T3/><D104/><U31/><E131/><N who="3" m="50250" /><G69/><T75/><D121/><U125/><E125/><V46/><F23/><W84/><G10/><N who="0" m="4567" /><D3/><U124/><E124/><V2/><REACH who="2" step="1"/><F46/><REACH who="2" ten="265,212,228,285" step="2"/><W90/><G21/><T83/><D118/><U110/><E123/><V8/><F8/><W72/><G47/><N who="0" m="28095" /><D0/><U40/><E122/><V68/><F68/><W45/><G45/><T79/><D75/><U114/><E114/><V9/><F9/><W73/><G17/><T127/><D127/><U113/><E113/><V4/><F4/><W71/><G71/><T42/><D42/><U20/><E41/><V37/><F37/><W88/><G48/><T58/><D58/><U91/><E40/><V115/><F115/><W109/><G109/><T12/><D83/><AGARI ba="2,1" hai="1,2,5,11,14,44,50,53,62,65,70,83,85,89" machi="83" ten="30,5800,0" yaku="1,1,7,1,53,1" doraHai="95" doraHaiUra="67" who="2" fromWho="0" sc="265,-64,212,0,228,74,285,0" /><INIT seed="2,3,0,1,3,32" ten="201,212,302,285" oya="2" hai0="66,38,80,42,127,4,96,22,59,26,73,0,130" hai1="12,5,41,17,123,112,65,46,36,8,14,35,34" hai2="77,129,30,89,54,72,117,102,120,113,75,119,93" hai3="19,132,37,10,118,78,90,69,48,100,104,31,79"/><V107/><F30/><W114/><G118/><N who="2" m="45065" /><F54/><W43/><G69/><T25/><D130/><U52/><E112/><V20/><F20/><W58/><G31/><T85/><D127/><U115/><E115/><V92/><F113/><W135/><G37/><T76/><D96/><U40/><E123/><V68/><F68/><W131/><G114/><T74/><D26/><U71/><E41/><V27/><F27/><W124/><G124/><T83/><D42/><U105/><E105/><V55/><F55/><N who="3" m="32103" /><G43/><T29/><D38/><U23/><E71/><V61/><F61/><W67/><G90/><T110/><D110/><U6/><E65/><V125/><F120/><W33/><G33/><T84/><D59/><U1/><E52/><V128/><F125/><W133/><G131/><N who="2" m="50249" /><F89/><W106/><G67/><T82/><D66/><U18/><REACH who="1" step="1"/><E6/><REACH who="1" ten="201,202,302,285" step="2"/><V57/><F57/><W95/><G133/><T15/><D73/><U56/><E56/><V121/><F121/><W11/><G135/><T51/><D51/><U63/><E63/><V108/><F108/><W16/><G132/><T7/><D7/><U87/><E87/><V62/><F62/><W126/><G126/><T44/><D74/><U109/><E109/><V99/><F75/><W53/><G53/><T81/><D85/><U70/><E70/><V39/><F39/><W101/><G106/><T2/><REACH who="0" step="1"/><D44/><REACH who="0" ten="191,202,302,285" step="2"/><U111/><E111/><V50/><F50/><W21/><G104/><T49/><D49/><U134/><E134/><V103/><F107/><W24/><G101/><T13/><D13/><U98/><E98/><N who="2" m="59719" /><F72/><W60/><G100/><RYUUKYOKU ba="3,2" sc="191,10,202,10,302,10,285,-30" hai0="0,2,4,15,22,25,29,76,80,81,82,83,84" hai1="1,5,8,12,14,17,18,23,34,35,36,40,46" hai2="77,93,99,103" /><INIT seed="2,4,2,1,5,71" ten="201,212,312,255" oya="2" hai0="132,3,45,7,44,124,60,131,14,76,57,135,63" hai1="129,21,117,31,84,36,82,6,122,59,19,38,15" hai2="103,48,93,86,75,68,2,77,98,12,29,127,110" hai3="9,16,97,92,34,116,58,33,8,55,123,108,46"/><V88/><F2/><W11/><G116/><T24/><D3/><U101/><E117/><V111/><F68/><W99/><G123/><T114/><D114/><U51/><E122/><V119/><F119/><W112/><G34/><T0/><D0/><U50/><E129/><V18/><F29/><W64/><G33/><T118/><D118/><U62/><E6/><V109/><F127/><W74/><G74/><T105/><D105/><U22/><E101/><V73/><F77/><W47/><G64/><T52/><D76/><U134/><E134/><N who="0" m="51241" /><D131/><U66/><E31/><V26/><F26/><W37/><G108/><T10/><D124/><U67/><E67/><V113/><F48/><N who="3" m="31079" /><G37/><T65/><D24/><U133/><E133/><V130/><F130/><W56/><G56/><AGARI ba="4,2" hai="7,10,14,44,45,52,56,57,60,63,65" m="51241" machi="56" ten="30,2000,0" yaku="20,1,54,1" doraHai="71" who="0" fromWho="3" sc="201,52,212,0,312,0,255,-32" /><INIT seed="3,0,0,3,5,105" ten="253,212,312,223" oya="3" hai0="26,80,90,91,106,132,96,44,133,75,84,13,124" hai1="73,127,74,97,25,109,19,125,129,28,11,71,89" hai2="108,27,38,7,118,47,83,41,114,39,60,0,48" hai3="2,79,49,102,85,1,17,116,110,58,86,53,4"/><W123/><G116/><T119/><D26/><U115/><E115/><V50/><F114/><W131/><G123/><T68/><D68/><U65/><E109/><V120/><F108/><W117/><G117/><T78/><D44/><U98/><E129/><V62/><F118/><W66/><G102/><N who="0" m="62791" /><D13/><N who="1" m="7615" /><E71/><V18/><F120/><W55/><G66/><T93/><D119/><U95/><E65/><V82/><F7/><W63/><G110/><T36/><D36/><U10/><E10/><V20/><F0/><W69/><G69/><T3/><D3/><U51/><E98/><V122/><F122/><W31/><G131/><T107/><D107/><U135/><E51/><V30/><F39/><W34/><G4/><T12/><D12/><U40/><E40/><V99/><F99/><W87/><G79/><T57/><D57/><U67/><E67/><V21/><F48/><W94/><G94/><N who="0" m="54599" /><D124/><N who="1" m="47691" /><E135/><V14/><F38/><W88/><G88/><T128/><D128/><U103/><E103/><V15/><F15/><W43/><G43/><T56/><D56/><U72/><E25/><V5/><F5/><W111/><G111/><T6/><D6/><U35/><E28/><V81/><AGARI ba="0,0" hai="14,18,20,21,27,30,41,47,50,60,62,81,82,83" machi="81" ten="30,2000,0" yaku="0,1,8,1" doraHai="105" who="2" fromWho="2" sc="253,-5,212,-5,312,20,223,-10" owari="248,5.0,207,-29.0,332,43.0,213,-19.0" /></mjloggm>