<mjloggm ver="2.3"><GO type="169" lobby="0"/><UN n0="%65%6B%61%72%75%74%65" n1="%E3%83%8F%E3%82%BF%E3%83%A2%E3%83%88%E3%83%92%E3%83%AD" n2="%E3%83%84%E3%83%AC%E3%82%AA" n3="%E6%AD%A6%E5%89%87%E8%BC%9D%E6%B5%B7" dan="16,16,16,17" rate="2084.49,2054.01,2150.06,2199.79" sx="M,M,M,M"/><TAIKYOKU oya="0"/><INIT seed="0,0,0,2,5,83" ten="250,250,250,250" oya="0" hai0="127,14,88,81,52,118,26,21,50,3,123,133,135" hai1="44,49,6,70,64,75,93,126,9,24,92,47,129" hai2="98,28,124,59,101,7,61,56,53,54,130,48,1" hai3="102,79,29,65,40,90,112,10,23,111,19,74,94"/><T99/><D123/><U35/><E75/><V30/><F130/><W57/><G112/><T41/><D118/><U131/><E70/><V107/><REACH who="2" step="1"/><F124/><REACH who="2" ten="250,250,240,250" step="2"/><W22/><G111/><T0/><D127/><U110/><E126/><V60/><F60/><W114/><G114/><T108/><D108/><U37/><E110/><V46/><F46/><W72/><G72/><T8/><D41/><U78/><E44/><V96/><F96/><W121/><G40/><T25/><D99/><U63/><E47/><V76/><F76/><W71/><G79/><T100/><D135/><U115/><E78/><V4/><F4/><W109/><G74/><T68/><D133/><U42/><E6/><V11/><AGARI ba="0,1" hai="1,7,11,28,30,48,53,54,56,59,61,98,101,107" machi="11" ten="30,4000,0" yaku="1,1,0,1,53,1" doraHai="83" doraHaiUra="32" who="2" fromWho="2" sc="250,-20,250,-10,240,50,250,-10" /><INIT seed="1,0,0,3,0,99" ten="230,240,290,240" oya="1" hai0="121,128,34,10,1,6,77,32,87,73,82,64,30" hai1="49,71,118,59,13,36,67,31,119,29,88,89,81" hai2="101,45,70,134,52,35,66,103,56,116,14,129,110" hai3="76,50,127,4,43,38,44,58,131,37,122,109,0"/><U78/><E36/><V9/><F116/><W62/><G122/><T130/><D121/><U92/><E71/><V69/><F35/><N who="0" m="13354" /><D64/><U11/><E118/><V84/><F110/><W22/><G109/><T46/><D30/><N who="1" m="11275" /><E119/><V39/><F129/><N who="0" m="49770" /><D46/><U117/><E117/><V21/><F21/><W74/><G76/><T28/><D28/><U53/><E67/><V8/><F8/><N who="3" m="2055" /><G74/><AGARI ba="0,0" hai="1,6,10,73,74,77,82,87" m="49770,13354" machi="74" ten="30,1000,0" yaku="19,1" doraHai="99" who="0" fromWho="3" sc="230,10,240,0,290,0,240,-10" /><INIT seed="2,0,0,4,0,44" ten="240,240,290,230" oya="2" hai0="68,98,3,0,59,90,118,97,101,19,74,30,42" hai1="52,32,102,20,111,5,9,34,27,95,115,131,93" hai2="114,53,86,57,62,8,113,75,33,37,122,17,76" hai3="51,103,84,23,124,36,11,78,55,70,88,43,82"/><V28/><F122/><W133/><G70/><T10/><D68/><U46/><E115/><V77/><F75/><W21/><G124/><T72/><D118/><U134/><E134/><V107/><F107/><W60/><G133/><T48/><D30/><U96/><E111/><V1/><F37/><W45/><G103/><T79/><D90/><U100/><E131/><V126/><F126/><W117/><G117/><T119/><D119/><U110/><E110/><V83/><F76/><W16/><G78/><T106/><D97/><U14/><E93/><V120/><F120/><W7/><G7/><T127/><D127/><U49/><E100/><V35/><F35/><W81/><G81/><T50/><D79/><U123/><E123/><V128/><F128/><W99/><G99/><T18/><D59/><U12/><E12/><V56/><F28/><AGARI ba="0,0" hai="5,9,14,20,27,28,32,34,46,49,52,95,96,102" machi="28" ten="30,3900,0" yaku="7,1,52,1,54,1" doraHai="44" who="1" fromWho="2" sc="240,0,240,39,290,-39,230,0" /><INIT seed="3,0,0,3,2,34" ten="240,279,251,230" oya="3" hai0="73,23,39,81,45,91,117,9,70,35,102,33,68" hai1="1,16,56,83,104,0,109,126,27,93,86,60,133" hai2="87,48,82,110,3,122,72,77,88,18,78,40,58" hai3="64,131,130,108,92,17,66,37,5,59,127,36,98"/><W41/><G127/><T95/><D117/><U14/><E104/><V62/><F110/><W71/><G71/><T25/><D102/><U51/><E126/><V57/><F122/><W26/><G108/><T85/><D9/><U114/><E114/><V79/><F3/><W112/><G112/><T2/><D2/><U121/><E121/><V120/><F120/><W135/><G135/><T75/><D39/><U30/><E51/><V90/><F90/><W21/><G5/><T8/><D8/><U125/><E93/><V96/><F96/><W10/><G10/><T128/><D45/><U80/><E80/><V115/><F115/><W29/><G17/><T118/><D118/><U76/><E133/><V19/><F72/><W12/><G12/><T100/><D73/><U94/><E94/><V55/><REACH who="2" step="1"/><F40/><REACH who="2" ten="240,279,241,230" step="2"/><W13/><G41/><T99/><D75/><U107/><E109/><V134/><F134/><W28/><G98/><T6/><D91/><U22/><E125/><V63/><F63/><W24/><G131/><T53/><D99/><U11/><E107/><V97/><F97/><W4/><G130/><T65/><D128/><U111/><E111/><V106/><F106/><W47/><G92/><T105/><D95/><U89/><E89/><V123/><F123/><W44/><G4/><T116/><D6/><U119/><E119/><V69/><F69/><W103/><G103/><T101/><D116/><U84/><E86/><V31/><F31/><W129/><G129/><T49/><D105/><U74/><E74/><V38/><F38/><W20/><G13/><T113/><D101/><RYUUKYOKU ba="0,1" sc="240,-30,279,10,241,10,230,10" hai1="0,1,11,14,16,22,27,30,56,60,76,83,84" hai2="18,19,48,55,57,58,62,77,78,79,82,87,88" hai3="20,21,24,26,28,29,36,37,44,47,59,64,66" /><INIT seed="3,1,1,5,2,101" ten="210,289,251,240" oya="3" hai0="7,42,27,86,107,118,95,110,25,66,31,97,14" hai1="67,84,65,102,22,61,80,69,6,121,46,30,11" hai2="100,91,72,108,28,52,4,71,39,94,75,132,70" hai3="79,64,37,68,19,16,122,49,18,47,76,116,59"/><W57/><G122/><T106/><D118/><U62/><E121/><V87/><F39/><W117/><G37/><T63/><D110/><U38/><E102/><V12/><F108/><W128/><G68/><T135/><D135/><U90/><E38/><V126/><F132/><W43/><G128/><T34/><D42/><U20/><E46/><V32/><F126/><W115/><G115/><T89/><D25/><U55/><E55/><V77/><F100/><W93/><G117/><T130/><D130/><U127/><E30/><V1/><F1/><W111/><G116/><T29/><D29/><U48/><E48/><V134/><F134/><W92/><G111/><T98/><D98/><U81/><E81/><V2/><F2/><W103/><G103/><T112/><D112/><U133/><E127/><V119/><F119/><W99/><G99/><T33/><D33/><U10/><E133/><V82/><F72/><W35/><G35/><T125/><D125/><U113/><E113/><V51/><F28/><W58/><REACH who="3" step="1"/><G64/><REACH who="3" ten="210,289,251,230" step="2"/><T109/><D97/><U83/><E65/><V74/><F32/><W78/><AGARI ba="1,2" hai="16,18,19,43,47,49,57,58,59,76,78,79,92,93" machi="78" ten="40,18000,2" yaku="1,1,2,1,0,1,29,2,8,1,54,1,53,0" doraHai="101" doraHaiUra="56" who="3" fromWho="3" sc="210,-61,289,-61,251,-61,230,203" /><INIT seed="3,2,0,0,1,41" ten="149,228,190,433" oya="3" hai0="120,127,99,124,17,130,9,21,30,4,38,39,8" hai1="116,114,61,92,70,33,100,11,134,24,101,51,29" hai2="57,69,128,106,36,20,104,71,0,52,34,112,131" hai3="44,74,37,126,25,115,84,49,59,32,73,45,22"/><W26/><G115/><T55/><D120/><U81/><E134/><V6/><F34/><W111/><G126/><T125/><D130/><N who="2" m="49706" /><F36/><N who="0" m="13866" /><D30/><U80/><E116/><V86/><F112/><W23/><G32/><T82/><D4/><U123/><E123/><V64/><F64/><W102/><G37/><T133/><D133/><U91/><E33/><V62/><F20/><W5/><G111/><T42/><D42/><U88/><E114/><V67/><F86/><W96/><G5/><T97/><D55/><U107/><E29/><V77/><F77/><W46/><G84/><T83/><D21/><N who="3" m="7689" /><G74/><T15/><D9/><U19/><E11/><N who="2" m="2503" /><F71/><W16/><G16/><T60/><D60/><AGARI ba="2,0" hai="52,57,60,62,67,69,104,106" m="2503,49706" machi="60" ten="30,2000,0" yaku="19,1,54,1" doraHai="41" who="2" fromWho="0" sc="149,-26,228,0,190,26,433,0" /><INIT seed="4,0,0,1,2,107" ten="123,228,216,433" oya="0" hai0="95,18,61,101,87,80,134,112,119,47,53,14,11" hai1="37,128,24,23,133,22,74,84,17,49,104,78,120" hai2="2,52,15,7,66,27,62,76,25,42,85,40,36" hai3="60,100,114,102,72,122,115,39,8,73,88,75,99"/><T98/><D119/><U70/><E37/><V59/><F2/><W51/><G39/><T125/><D112/><U116/><E120/><V81/><F36/><W67/><G122/><T64/><D125/><U131/><E104/><V31/><F66/><W16/><G51/><T34/><D134/><U63/><E116/><V96/><F96/><W106/><G102/><T33/><D53/><U111/><E111/><V4/><F27/><W117/><G117/><T113/><D47/><U118/><E84/><V32/><REACH who="2" step="1"/><F15/><REACH who="2" ten="123,228,206,433" step="2"/><W71/><G115/><T132/><D113/><U21/><E24/><V86/><F86/><W10/><G114/><T94/><D132/><U77/><E133/><V54/><F54/><W48/><G67/><T50/><D50/><U69/><E49/><V124/><F124/><W29/><G48/><T103/><D103/><U92/><E118/><V108/><F108/><W1/><G1/><T58/><REACH who="0" step="1"/><D95/><REACH who="0" ten="113,228,206,433" step="2"/><U5/><E92/><V20/><F20/><W89/><G100/><T56/><D56/><U6/><E22/><V121/><F121/><W19/><G106/><T130/><D130/><U9/><E128/><V65/><F65/><W82/><G60/><T38/><D38/><U46/><E63/><V83/><F83/><W105/><G82/><T126/><D126/><U55/><E131/><V68/><F68/><W97/><G105/><T135/><D135/><U26/><E70/><V79/><F79/><AGARI ba="0,2" hai="11,14,18,33,34,58,61,64,79,80,87,94,98,101" machi="79" ten="30,2900,0" yaku="1,1,7,1,53,0" doraHai="107" doraHaiUra="45" who="0" fromWho="2" sc="113,49,228,0,206,-29,433,0" /><INIT seed="4,1,0,1,0,78" ten="162,228,177,433" oya="0" hai0="16,88,60,68,34,6,118,66,102,50,32,76,35" hai1="77,53,36,15,99,104,5,96,108,120,41,93,123" hai2="28,62,3,133,97,128,134,111,55,57,90,75,86" hai3="13,130,38,74,12,67,10,64,106,131,31,37,47"/><T65/><D118/><U30/><E108/><V54/><F111/><W82/><G106/><T127/><D127/><U89/><E30/><V61/><F75/><W84/><G74/><T52/><D102/><U132/><E132/><V91/><F3/><W95/><G95/><T135/><D135/><U92/><E104/><V112/><F112/><W107/><G107/><T48/><D6/><U58/><E77/><V29/><F97/><W19/><G31/><T43/><D76/><U7/><E41/><V81/><F128/><N who="3" m="49195" /><G13/><T46/><D66/><N who="3" m="25129" /><G47/><T44/><REACH who="0" step="1"/><D88/><AGARI ba="1,0" hai="10,12,19,37,38,82,84,88" m="25129,49195" machi="88" ten="30,3900,0" yaku="19,1,52,1,54,1" doraHai="78" who="3" fromWho="0" sc="162,-42,228,0,177,0,433,42" /><INIT seed="5,0,0,1,2,93" ten="120,228,177,475" oya="1" hai0="67,94,92,71,123,119,132,80,75,9,57,49,19" hai1="40,98,86,32,11,118,106,127,96,18,120,104,16" hai2="8,27,125,81,114,109,39,66,50,79,60,44,129" hai3="45,88,0,10,135,5,52,37,36,117,95,38,14"/><U107/><E32/><V77/><F109/><W53/><G135/><T20/><D119/><U103/><E118/><V84/><F129/><W56/><G117/><T83/><D132/><U122/><E40/><V91/><F125/><W65/><G0/><T47/><D123/><U46/><E46/><V26/><F39/><W130/><G130/><T31/><D71/><U121/><E127/><V48/><F48/><W112/><G112/><T51/><D9/><U82/><E103/><V131/><F131/><W76/><G76/><T43/><D31/><U41/><E41/><V100/><F8/><W68/><G68/><T12/><D75/><U63/><E63/><V6/><F6/><W61/><REACH who="3" step="1"/><G45/><REACH who="3" ten="120,228,177,465" step="2"/><T78/><D78/><U64/><E11/><V70/><F79/><W29/><G29/><T30/><D30/><U102/><E121/><V124/><F124/><W101/><G101/><T99/><D94/><U111/><E102/><V22/><F100/><W4/><G4/><T133/><D133/><U25/><E107/><V1/><F1/><W110/><G110/><T126/><D126/><U21/><E111/><V13/><F114/><W58/><G58/><T28/><D28/><N who="1" m="17455" /><E122/><V54/><F77/><W90/><G90/><N who="0" m="55703" /><D67/><U35/><E64/><V62/><F66/><W72/><G72/><T134/><D134/><U115/><E120/><V17/><F70/><W24/><G24/><AGARI ba="0,1" hai="13,17,22,24,26,27,44,50,54,60,62,81,84,91" machi="24" ten="40,1300,0" yaku="8,1" doraHai="93" who="2" fromWho="3" sc="120,0,228,0,177,23,465,-13" /><INIT seed="6,0,0,3,4,113" ten="120,228,200,452" oya="2" hai0="69,24,37,122,130,14,21,131,105,44,59,2,123" hai1="32,89,33,10,38,70,75,118,34,115,108,1,50" hai2="73,129,65,19,51,101,95,82,29,41,80,94,9" hai3="86,20,76,119,5,52,22,91,114,35,97,77,6"/><V0/><F129/><N who="0" m="49162" /><D105/><U79/><E89/><V16/><F29/><W84/><G35/><T47/><D2/><U56/><E56/><V127/><F65/><W106/><G114/><T83/><D83/><U49/><E79/><V53/><F41/><W72/><G72/><T27/><D69/><U74/><E70/><V112/><F112/><W116/><G91/><T39/><D14/><U104/><E104/><V66/><F66/><W15/><G106/><T63/><D21/><U88/><E88/><V62/><F62/><W55/><G15/><T7/><D7/><U26/><E75/><V31/><F31/><W125/><G125/><T28/><D28/><U103/><E74/><V111/><F127/><W17/><G17/><T92/><D92/><U54/><E33/><V87/><F73/><W126/><G126/><T133/><D133/><U132/><E132/><V135/><F135/><W4/><G4/><T71/><D71/><U93/><E34/><V67/><F0/><W117/><G117/><T110/><D110/><U48/><E118/><V11/><F111/><W8/><G97/><T57/><D24/><U64/><E26/><V43/><F95/><W60/><G60/><T96/><D96/><N who="1" m="59791" /><E32/><V40/><F94/><W45/><G45/><N who="0" m="17483" /><D27/><U107/><E107/><V134/><F134/><W81/><G81/><T100/><D100/><U121/><E115/><V58/><F101/><W13/><G13/><T120/><D63/><U18/><E1/><V124/><F124/><W68/><G68/><T102/><D102/><U36/><E108/><V25/><F82/><W30/><G30/><RYUUKYOKU ba="0,0" sc="120,15,228,-15,200,-15,452,15" hai0="37,39,57,59,120,122,123" hai3="5,6,8,20,22,52,55,76,77,84,86,116,119" /><INIT seed="7,1,0,4,1,26" ten="135,213,185,467" oya="3" hai0="95,55,80,11,122,57,113,45,106,119,125,71,127" hai1="52,121,98,10,79,129,38,67,13,104,64,117,96" hai2="24,2,123,42,94,128,33,68,39,18,78,87,5" hai3="93,72,21,25,35,62,8,75,116,27,110,47,12"/><W69/><G35/><T28/><D122/><U61/><E38/><V92/><F68/><W0/><G0/><T23/><D119/><U114/><E104/><V34/><F123/><W76/><G76/><T36/><D106/><U9/><E129/><V81/><F34/><W109/><G47/><T4/><D71/><U46/><E114/><V118/><F118/><W135/><G93/><T40/><D113/><U88/><E79/><V133/><F128/><W74/><G135/><T51/><D95/><N who="1" m="56423" /><E121/><V7/><F133/><W85/><G85/><T111/><D111/><U102/><E98/><V66/><F66/><N who="1" m="25129" /><E102/><V124/><F33/><W58/><G69/><T15/><REACH who="0" step="1"/><D80/><REACH who="0" ten="125,213,185,467" step="2"/><U6/><E117/><V120/><F94/><W63/><G116/><T86/><D86/><U20/><E61/><V70/><F92/><W97/><G63/><T73/><D73/><U82/><E82/><V32/><F81/><W115/><G115/><T100/><D100/><U130/><E130/><V29/><F120/><W91/><G110/><T16/><D16/><U59/><E6/><V14/><F70/><W126/><G75/><T105/><D105/><U31/><E31/><V50/><F7/><W77/><G74/><T30/><D30/><U131/><E131/><V41/><F5/><W54/><G72/><T83/><D83/><U53/><E59/><V49/><F29/><W17/><G109/><T37/><D37/><U107/><E107/><V89/><F39/><W65/><G58/><T22/><D22/><U1/><E20/><N who="2" m="11351" /><F32/><W101/><G101/><T90/><D90/><U112/><E112/><RYUUKYOKU ba="1,1" sc="125,30,213,-10,185,-10,467,-10" hai0="4,11,15,23,28,36,40,45,51,55,57,125,127" owari="155,-34.0,203,0.0,175,-22.0,467,56.0" /></mjloggm>