<mjloggm ver="2.3"><GO type="169" lobby="0"/><UN n0="%E2%80%A0%E7%99%BD%E5%85%8E%E2%80%A0" n1="%4E%4F%54%41" n2="%E6%9A%A2%E4%B8%80" n3="%E5%B9%BB%E9%9C%8A" dan="17,17,16,16" rate="2191.33,2131.89,2039.98,2159.79" sx="M,M,M,F"/><TAIKYOKU oya="0"/><INIT seed="0,0,0,3,1,57" ten="250,250,250,250" oya="0" hai0="30,34,74,105,103,121,102,106,43,5,134,20,86" hai1="31,53,8,87,18,104,35,127,63,15,44,59,135" hai2="24,23,93,110,55,123,108,125,80,81,83,41,120" hai3="22,75,9,98,82,130,29,52,79,19,113,101,85"/><T73/><D34/><U94/><E127/><V112/><F41/><W95/><G113/><T14/><D43/><U76/><E135/><V38/><F38/><W54/><G130/><T66/><D5/><U17/><E104/><N who="0" m="40041" /><D14/><U122/><E122/><V42/><F42/><W39/><G39/><T69/><D20/><U48/><E35/><V32/><F32/><W0/><G75/><N who="0" m="28683" /><D66/><U46/><E31/><V77/><F55/><W129/><G129/><T21/><D21/><U71/><E71/><V96/><F23/><W60/><G0/><T13/><D13/><U49/><E18/><V99/><F24/><N who="3" m="16535" /><G60/><T36/><D69/><U72/><E72/><V2/><F2/><W62/><G62/><T124/><D30/><U132/><E132/><V84/><F112/><W107/><G107/><T26/><D26/><U58/><E48/><V10/><F10/><W12/><AGARI ba="0,0" hai="9,12,19,52,54,79,82,85,95,98,101" m="16535" machi="12" ten="30,2000,0" yaku="8,1,54,1" doraHai="57" who="3" fromWho="3" sc="250,-10,250,-5,250,-5,250,20" /><INIT seed="1,0,0,3,1,51" ten="240,245,245,270" oya="1" hai0="87,77,40,72,109,131,24,117,53,124,5,57,74" hai1="102,70,116,44,50,17,43,100,64,10,55,39,38" hai2="63,92,130,134,29,86,128,7,35,4,54,132,12" hai3="19,14,15,34,101,3,85,36,1,119,121,20,82"/><U113/><E113/><V108/><F108/><W2/><G36/><T135/><D117/><U47/><E116/><V68/><F35/><W105/><G119/><T81/><D109/><U91/><E38/><V84/><F29/><W78/><G34/><T65/><D131/><N who="2" m="50218" /><F68/><W122/><G15/><T27/><D65/><U115/><E115/><V49/><F63/><W30/><G30/><T94/><D124/><U21/><E10/><N who="2" m="4167" /><F92/><W61/><G61/><T107/><D107/><U111/><E111/><V9/><F9/><W133/><G133/><N who="2" m="51305" /><F7/><W76/><G105/><T32/><D32/><U114/><E114/><V59/><AGARI ba="0,0" hai="49,54,59,84,86" m="51305,4167,50218" machi="59" ten="30,4000,0" yaku="19,1,20,1,52,1" doraHai="51" who="2" fromWho="2" sc="240,-10,245,-20,245,40,270,-10" /><INIT seed="2,0,0,3,0,30" ten="230,225,285,260" oya="2" hai0="53,121,102,3,104,64,58,75,122,117,33,37,52" hai1="34,63,107,132,99,101,123,93,11,6,26,61,130" hai2="73,129,43,27,135,57,2,77,46,23,83,42,72" hai3="31,70,48,111,126,115,81,131,1,87,25,96,60"/><V113/><F113/><W10/><G115/><T71/><D75/><U12/><E130/><V125/><F135/><W16/><G131/><T38/><D3/><U24/><E132/><V62/><F125/><W29/><G126/><T69/><D102/><U68/><E123/><N who="0" m="47113" /><D104/><U44/><E107/><V8/><F129/><W65/><G111/><T80/><D80/><U124/><E124/><V114/><F114/><W105/><G48/><N who="0" m="30983" /><D33/><U17/><E68/><N who="0" m="26185" /><D64/><U90/><E34/><V84/><F8/><W13/><G1/><T82/><D82/><U39/><E101/><V9/><F9/><W0/><G0/><T95/><D95/><U118/><E118/><V22/><F2/><W40/><G105/><T55/><D117/><U112/><E112/><V88/><F22/><W109/><G96/><T97/><D97/><U119/><E119/><V74/><F77/><W89/><G31/><T18/><D18/><U7/><E7/><V100/><F100/><W56/><G29/><T32/><D32/><U47/><E6/><V41/><F23/><W50/><G25/><T108/><D108/><U36/><E24/><V133/><F27/><W127/><G109/><T128/><D128/><U110/><E26/><V51/><REACH who="2" step="1"/><F133/><REACH who="2" ten="230,225,275,260" step="2"/><W15/><G127/><T106/><D106/><U20/><E20/><V78/><F78/><W98/><G10/><T67/><D67/><AGARI ba="0,1" hai="41,42,43,46,51,57,62,67,72,73,74,83,84,88" machi="67" ten="40,3900,0" yaku="1,1,54,1,53,0" doraHai="30" doraHaiUra="4" who="2" fromWho="0" sc="230,-39,225,0,275,49,260,0" /><INIT seed="2,1,0,4,1,92" ten="191,225,324,260" oya="2" hai0="39,128,40,6,108,30,54,93,25,94,43,41,23" hai1="86,72,57,37,98,105,97,73,96,127,28,111,74" hai2="107,88,121,122,3,32,45,16,77,56,5,12,114" hai3="99,61,11,22,119,109,35,33,84,15,79,42,18"/><V48/><F114/><W78/><G119/><T85/><D39/><U112/><E37/><V34/><F107/><W53/><G109/><T90/><D108/><U110/><E112/><V124/><F124/><W50/><G35/><T70/><D70/><U24/><E127/><V1/><F77/><W103/><G33/><T59/><D128/><U29/><E105/><V135/><F135/><W87/><G42/><T115/><D115/><U26/><E86/><N who="3" m="32810" /><G61/><T123/><D123/><U58/><E110/><V8/><F1/><W27/><G103/><T83/><REACH who="0" step="1"/><D6/><REACH who="0" ten="181,225,324,260" step="2"/><U7/><E111/><V125/><F5/><N who="3" m="3567" /><G99/><T118/><D118/><U19/><E7/><V68/><F122/><W82/><G82/><T134/><D134/><U80/><E19/><V91/><F16/><W133/><G133/><T64/><D64/><U9/><E80/><V36/><F68/><W132/><G132/><T52/><D52/><U100/><E100/><V62/><F125/><W126/><G126/><T2/><D2/><U21/><REACH who="1" step="1"/><E9/><REACH who="1" ten="181,215,324,260" step="2"/><V75/><F8/><W14/><G18/><T101/><D101/><U51/><E51/><AGARI ba="1,2" hai="23,25,30,40,41,43,51,54,59,83,85,90,93,94" machi="51" ten="40,5200,0" yaku="1,1,8,1,53,1" doraHai="92" doraHaiUra="46" who="0" fromWho="1" sc="181,75,215,-55,324,0,260,0" /><INIT seed="3,0,0,5,1,1" ten="256,160,324,260" oya="3" hai0="91,12,52,83,9,111,134,44,33,36,108,75,100" hai1="42,116,70,68,63,7,21,8,61,4,34,3,117" hai2="85,54,6,79,131,60,23,99,106,94,10,112,114" hai3="53,57,40,13,26,90,64,22,115,95,103,15,126"/><W69/><G115/><T11/><D33/><U77/><E34/><V31/><F131/><W14/><G126/><T72/><D134/><U109/><E109/><V104/><F104/><W37/><G103/><T65/><D100/><U81/><E42/><V132/><F132/><W78/><G78/><T121/><D65/><U48/><E48/><V49/><F60/><N who="1" m="23113" /><E21/><V17/><F31/><W89/><G69/><N who="1" m="26730" /><E8/><V67/><F67/><W50/><G64/><T32/><D11/><U45/><E45/><V87/><F106/><W86/><G90/><T101/><D32/><U82/><E3/><V25/><F79/><W71/><G71/><T62/><D101/><U120/><E120/><V119/><F112/><W97/><G40/><T16/><D121/><U55/><E55/><V123/><F123/><W133/><G133/><T29/><D29/><U0/><E0/><V125/><F10/><W76/><G37/><T39/><D39/><U46/><E46/><V110/><F54/><W92/><G76/><T105/><D105/><U128/><E128/><V58/><F114/><W74/><G74/><T18/><D36/><U73/><E81/><V19/><F23/><W135/><G135/><T96/><D18/><U30/><E30/><V93/><F17/><N who="3" m="12623" /><G92/><N who="0" m="56351" /><D83/><U5/><E73/><V118/><F93/><W127/><G127/><T51/><D62/><U122/><E122/><V88/><F125/><W113/><G113/><T27/><D27/><U35/><E35/><V66/><F25/><W129/><G129/><T2/><D2/><U41/><E41/><V20/><F20/><W43/><G43/><RYUUKYOKU ba="0,0" sc="256,10,160,10,324,-30,260,10" hai0="9,12,16,44,51,52,72,75,108,111" hai1="4,5,7,77,82,116,117" hai3="13,14,15,50,53,57,86,89,95,97" /><INIT seed="3,1,0,1,5,14" ten="266,170,294,270" oya="3" hai0="29,84,116,91,109,125,36,54,16,55,89,76,70" hai1="132,105,43,77,79,44,38,71,20,94,74,73,32" hai2="3,23,124,113,90,123,106,63,115,59,134,24,34" hai3="62,92,18,39,108,127,2,37,104,95,112,51,119"/><W0/><G119/><T101/><D116/><U11/><E32/><V88/><F123/><W67/><G112/><T12/><D70/><U110/><E105/><V58/><F3/><W15/><G104/><T28/><D36/><U122/><E122/><V72/><F72/><W121/><G121/><T133/><D101/><U50/><E71/><V4/><F134/><W19/><G51/><T25/><D109/><U31/><E110/><V85/><F34/><W22/><G108/><T126/><D76/><U111/><E132/><V27/><F4/><W30/><G30/><N who="0" m="11883" /><D25/><U81/><E111/><V47/><F47/><W86/><G127/><N who="0" m="48651" /><D89/><U120/><E120/><V97/><F124/><W5/><G5/><T9/><D133/><U8/><E38/><V98/><F106/><W26/><G39/><T49/><D49/><U99/><E77/><V80/><F63/><W114/><G37/><T107/><D107/><U100/><REACH who="1" step="1"/><E73/><REACH who="1" ten="266,160,294,270" step="2"/><V41/><F113/><W61/><G114/><T7/><D7/><U103/><E103/><V56/><F115/><W96/><G67/><T65/><D65/><U130/><E130/><V131/><F131/><W1/><G86/><T40/><D40/><U129/><E129/><V17/><F41/><W117/><G117/><T102/><D102/><U21/><E21/><N who="2" m="13359" /><F90/><W68/><G68/><T82/><AGARI ba="1,1" hai="9,12,16,54,55,82,84,91" m="48651,11883" machi="82" ten="30,4000,0" yaku="18,1,52,1,54,1" doraHai="14" who="0" fromWho="0" sc="266,53,160,-11,294,-11,270,-21" /><INIT seed="4,0,0,1,2,23" ten="319,149,283,249" oya="0" hai0="35,52,86,117,40,65,59,100,18,34,10,82,97" hai1="63,11,17,129,27,26,21,126,83,90,85,58,102" hai2="112,116,38,51,73,28,87,115,5,8,124,9,113" hai3="62,53,46,57,127,48,69,20,42,31,15,104,7"/><T133/><D117/><U81/><E129/><V121/><F73/><W67/><G104/><T75/><D75/><U80/><E126/><V98/><F38/><N who="3" m="21847" /><G127/><T32/><D133/><U91/><E102/><V22/><F124/><W70/><G7/><T37/><D65/><N who="1" m="39159" /><E11/><V132/><F132/><W77/><G77/><T29/><D40/><U108/><E108/><V56/><F98/><W84/><G84/><T107/><D37/><U88/><E85/><V24/><F121/><W72/><G72/><T103/><D103/><U111/><E111/><V89/><F5/><W109/><G109/><T25/><D18/><U47/><E47/><V93/><F116/><W61/><G15/><AGARI ba="0,0" hai="15,17,21,26,27,80,81,83,88,90,91" m="39159" machi="15" ten="30,7700,0" yaku="8,1,52,2,54,1" doraHai="23" who="1" fromWho="3" sc="319,0,149,77,283,0,249,-77" /><INIT seed="5,0,0,3,3,63" ten="319,226,283,172" oya="1" hai0="74,94,43,30,119,93,61,58,92,16,52,25,9" hai1="3,69,66,127,116,75,34,112,82,90,129,73,59" hai2="106,4,41,6,120,103,11,135,99,124,49,5,84" hai3="45,95,130,134,110,104,96,37,86,28,31,89,47"/><U7/><E116/><V10/><F120/><W44/><G110/><T108/><D74/><U51/><E127/><V117/><F135/><W2/><G134/><T122/><D108/><U111/><E111/><V87/><F124/><W33/><G130/><T128/><D119/><U50/><E129/><V81/><F117/><W78/><G2/><T54/><D128/><U39/><E34/><V126/><F87/><W72/><G33/><T42/><D122/><U55/><E39/><V123/><F123/><W118/><G37/><T107/><D107/><U17/><E112/><V13/><F11/><W48/><G48/><T56/><D30/><U20/><E7/><V26/><F26/><W60/><G60/><N who="0" m="35847" /><D9/><U24/><E3/><V21/><F21/><AGARI ba="0,0" hai="16,21,25,42,43,54,58,61,92,93,94" m="35847" machi="21" ten="30,3900,0" yaku="8,1,54,2" doraHai="63" who="0" fromWho="2" sc="319,39,226,0,283,-39,172,0" /><INIT seed="6,0,0,5,5,73" ten="358,226,244,172" oya="2" hai0="40,47,22,0,41,10,56,31,42,23,25,9,126" hai1="66,32,2,8,37,93,53,44,115,43,107,79,106" hai2="82,11,97,15,128,134,33,88,94,34,114,102,91" hai3="127,116,13,119,14,81,20,18,118,101,103,100,109"/><V96/><F128/><W95/><G109/><T27/><D126/><U67/><E32/><V28/><F134/><W7/><G127/><T98/><D0/><U132/><E132/><V71/><F71/><W64/><G64/><T52/><D98/><U36/><E36/><V123/><F123/><W108/><G108/><T124/><D47/><U24/><E53/><V75/><F114/><W125/><G125/><T76/><D76/><U129/><E129/><V50/><F28/><W45/><G45/><T49/><D124/><U87/><E115/><V16/><F50/><W70/><G70/><T38/><D38/><U39/><E39/><V86/><REACH who="2" step="1"/><F75/><REACH who="2" ten="358,226,234,172" step="2"/><W58/><G118/><T80/><D80/><U55/><E37/><V90/><F90/><W72/><G116/><T117/><D117/><U135/><E135/><V130/><F130/><W12/><G119/><T63/><D49/><U74/><E74/><V17/><F17/><AGARI ba="0,1" hai="9,10,17,22,23,25,27,31,40,41,42,52,56,63" machi="17" ten="40,2600,0" yaku="8,1,54,1" doraHai="73" who="0" fromWho="2" sc="358,36,226,0,234,-26,172,0" /><INIT seed="7,0,0,0,3,78" ten="394,226,208,172" oya="3" hai0="24,122,32,12,95,18,58,44,40,11,99,52,2" hai1="83,5,20,62,135,31,41,55,22,124,103,91,119" hai2="30,87,94,43,130,49,37,90,61,69,0,93,57" hai3="120,56,27,21,36,6,102,100,33,101,98,34,74"/><W89/><G120/><T15/><D122/><U4/><E124/><V64/><F30/><W23/><G36/><T39/><D2/><U42/><E135/><V126/><F126/><W75/><G6/><N who="1" m="2666" /><E103/><V110/><F110/><W46/><G46/><T72/><D72/><U67/><E67/><V45/><F0/><W7/><G7/><T9/><D24/><N who="1" m="16775" /><E22/><V86/><F130/><W115/><G115/><T59/><D52/><U84/><E119/><V92/><F87/><W129/><G129/><T76/><D76/><U50/><E62/><V10/><F10/><W68/><G68/><T8/><D32/><U3/><E3/><V128/><F128/><W108/><G108/><T81/><D81/><U105/><E105/><V38/><F38/><W70/><G70/><T28/><D59/><AGARI ba="0,0" hai="41,42,50,55,59,83,84,91" m="16775,2666" machi="59" ten="30,2000,0" yaku="8,1,52,1" doraHai="78" who="1" fromWho="0" sc="394,-20,226,20,208,0,172,0" owari="374,47.0,246,5.0,208,-19.0,172,-33.0" /></mjloggm>