<mjloggm ver="2.3"><GO type="185" lobby="0"/><UN n0="%45%6D%75%72%61%74%65%64" n1="%E2%98%86%E3%83%97%E3%83%A9%E3%83%81%E3%83%8A" n2="%E3%83%8A%E3%83%91%E3%83%BC%E3%83%A0%E3%81%A7%E3%81%99" n3="" dan="18,16,17,0" rate="2316.23,2197.80,2201.37,1500.00" sx="M,M,M,C"/><TAIKYOKU oya="0"/><INIT seed="0,0,0,2,5,92" ten="350,350,350,0" oya="0" hai0="72,104,90,125,93,2,66,73,114,95,102,128,33" hai1="79,47,86,52,109,88,105,83,117,42,103,51,120" hai2="84,94,63,85,75,133,62,101,71,89,96,67,50" hai3=""/><T130/><D33/><U38/><N who="1" m="30752" /><U81/><E109/><V97/><F133/><T135/><D2/><U56/><E117/><V35/><F35/><T70/><D114/><U118/><E118/><V59/><F75/><T40/><D40/><U44/><E103/><V121/><N who="2" m="31008" /><V43/><F50/><T46/><D46/><U58/><E105/><V60/><F43/><T115/><D115/><U37/><E37/><V32/><F32/><T108/><D104/><U116/><E116/><V55/><F63/><T39/><D39/><U41/><E41/><V132/><F132/><T124/><D135/><U98/><E98/><V68/><F71/><T54/><D70/><U1/><E1/><V76/><F76/><T3/><D3/><U122/><N who="1" m="31264" /><U69/><E69/><V80/><F80/><T107/><D108/><U87/><AGARI ba="0,0" hai="38,42,44,47,51,52,56,58,79,81,83,86,87,88" m="31264,30752" machi="87" ten="20,9000,2" yaku="0,1,7,1,52,2,54,2" doraHai="92" who="1" fromWho="1" sc="350,-60,350,90,350,-30,0,0" /><INIT seed="1,0,0,2,4,1" ten="290,440,320,0" oya="1" hai0="117,104,64,34,67,50,42,37,120,107,84,56,76" hai1="33,65,130,52,61,95,123,70,106,96,60,2,55" hai2="124,66,51,97,93,119,100,116,73,49,101,102,45" hai3=""/><U92/><N who="1" m="31520" /><U59/><E2/><V98/><F124/><T133/><N who="0" m="30752" /><T125/><D125/><U121/><N who="1" m="31008" /><U94/><E130/><V72/><F66/><T108/><D133/><U118/><E118/><N who="2" m="45099" /><F45/><T86/><D117/><U36/><E36/><V103/><F49/><T68/><D68/><U47/><E33/><V78/><F51/><T71/><D71/><U83/><E83/><V77/><F98/><T74/><D37/><U48/><REACH who="1" step="1"/><E106/><REACH who="1" ten="290,430,320,0" step="2"/><V112/><F112/><T81/><D34/><U0/><E0/><V57/><F57/><T39/><D39/><U38/><E38/><V135/><F135/><T85/><D56/><U44/><E44/><V87/><F87/><T62/><D85/><U69/><E69/><V129/><F129/><T131/><D86/><U109/><E109/><V75/><AGARI ba="0,1" hai="72,73,75,77,78,93,97,100,101,102,103" m="45099" machi="75" ten="40,2000,0" yaku="34,2" doraHai="1" who="2" fromWho="2" sc="290,-7,430,-13,320,30,0,0" /><INIT seed="2,0,0,0,0,99" ten="283,417,350,0" oya="2" hai0="110,53,124,94,50,91,37,83,57,54,113,90,65" hai1="89,97,123,80,71,42,131,93,100,68,118,105,108" hai2="116,56,2,67,47,1,111,35,77,127,88,125,112" hai3=""/><V38/><F112/><T117/><D117/><U119/><N who="1" m="31520" /><U133/><E108/><V107/><F116/><N who="1" m="44585" /><E133/><V102/><F35/><T128/><D110/><U121/><N who="1" m="31008" /><U48/><E131/><V46/><F111/><T106/><D128/><U44/><E80/><V114/><F114/><T98/><D37/><U32/><E32/><V62/><F77/><T92/><D113/><U52/><E42/><V34/><F34/><T3/><D3/><U72/><E72/><V79/><F79/><T60/><D83/><U63/><E63/><V129/><F129/><T115/><D115/><U61/><E61/><V78/><F78/><T101/><D124/><U73/><E73/><V43/><F127/><T45/><D65/><U0/><E0/><V104/><F125/><T132/><D132/><U82/><E82/><V59/><F67/><T95/><AGARI ba="0,0" hai="45,50,53,54,57,60,90,91,92,94,95,98,101,106" machi="95" ten="30,1500,0" yaku="0,1,52,1" doraHai="99" who="0" fromWho="0" sc="283,15,417,-5,350,-10,0,0" /><INIT seed="4,0,0,4,4,130" ten="298,412,340,0" oya="0" hai0="48,110,57,106,109,122,49,105,117,111,40,42,65" hai1="0,99,98,75,63,62,52,90,43,79,93,91,64" hai2="44,45,47,95,96,82,74,121,87,84,46,134,76" hai3=""/><T37/><N who="0" m="31264" /><T50/><D117/><U135/><E0/><V108/><N who="2" m="31008" /><V72/><F108/><T58/><D37/><U103/><E43/><N who="0" m="16425" /><D65/><U35/><E35/><V92/><F134/><T88/><D88/><U131/><E135/><V112/><F112/><T120/><N who="0" m="30752" /><T125/><D125/><U118/><E131/><V80/><N who="2" m="11776" /><DORA hai="116" /><V132/><F132/><T34/><D34/><U67/><E118/><V107/><F107/><AGARI ba="0,0" hai="48,49,50,57,58,105,106,107,109,110,111" m="30752,16425,31264" machi="107" ten="40,18000,2" yaku="28,2,10,1,52,4" doraHai="130,116" who="0" fromWho="2" sc="298,180,412,0,340,-180,0,0" /><INIT seed="4,1,0,5,3,129" ten="478,412,160,0" oya="0" hai0="77,69,110,112,94,56,49,57,98,38,114,92,132" hai1="85,84,113,74,81,36,55,135,35,47,117,115,116" hai2="43,83,101,42,133,118,46,88,37,99,82,32,122" hai3=""/><T86/><D69/><U105/><E35/><V51/><N who="2" m="31264" /><V73/><F32/><T64/><D38/><U41/><E105/><V68/><F68/><T134/><D110/><U87/><E135/><N who="0" m="51753" /><D64/><U45/><E74/><V91/><F133/><T54/><D57/><U128/><E81/><V3/><F3/><T125/><D125/><U63/><E128/><V131/><F131/><T61/><D61/><U76/><E76/><V108/><F108/><T124/><D124/><U72/><E72/><V89/><F73/><T107/><D107/><U120/><N who="1" m="30752" /><U66/><E55/><V80/><F118/><T79/><D94/><U95/><E95/><V58/><F58/><T75/><D75/><U33/><E47/><V67/><F67/><T78/><D86/><U65/><E65/><V53/><REACH who="2" step="1"/><F37/><REACH who="2" ten="478,412,150,0" step="2"/><T109/><D109/><U130/><E33/><V123/><N who="2" m="31520" /><V34/><F34/><T126/><D126/><U1/><E130/><V119/><F119/><T0/><D0/><U127/><E1/><V111/><F111/><T97/><D56/><U71/><E127/><V40/><F40/><T90/><D54/><U62/><E116/><V48/><F48/><T106/><D49/><U70/><E117/><V103/><F103/><AGARI ba="1,1" hai="77,78,79,90,92,97,98,103,106,112,114" m="51753" machi="103" ten="40,18000,2" yaku="6,1,20,1,34,2,52,3" doraHai="129" who="0" fromWho="2" sc="478,192,412,0,150,-182,0,0" owari="670,62.0,412,1.0,-32,-63.0,0,0.0" /></mjloggm>