<mjloggm ver="2.3"><GO type="225" lobby="0"/><UN n0="%E3%81%BD%E3%83%BC%E3%82%93%64%65%E3%83%AA%E3%83%B3%E3%82%B0" n1="%E3%83%87%E3%83%8D%E3%83%9C%E3%83%A9" n2="%E4%B8%89%E6%9D%A1%E7%9C%9F%E7%90%B4" n3="%E5%A9%9A%E6%B4%BB%E7%94%9F%40%E5%B7%9D%E6%9D%91%E8%BB%8D%E5%9B%A3" dan="16,17,18,17" rate="2184.67,2233.01,2274.19,2224.45" sx="M,M,F,M"/><TAIKYOKU oya="0"/><INIT seed="0,0,0,5,3,40" ten="250,250,250,250" oya="0" hai0="18,34,105,62,56,117,61,115,127,42,75,89,100" hai1="95,50,58,9,52,0,71,11,93,55,22,82,29" hai2="57,103,94,24,14,134,37,67,76,15,63,104,130" hai3="13,53,108,86,4,68,96,121,73,124,2,49,66"/><T107/><D117/><U102/><E71/><V5/><F104/><W38/><G73/><T126/><D115/><U84/><E0/><V45/><F130/><W43/><G2/><T48/><D34/><U99/><E95/><V132/><F76/><W35/><G35/><T81/><D18/><U90/><REACH who="1" step="1"/><E55/><REACH who="1" ten="250,240,250,250" step="2"/><V8/><F94/><W12/><G53/><T85/><D105/><U112/><E112/><V111/><F134/><W7/><G68/><T72/><D107/><U114/><E114/><V10/><F132/><W79/><G66/><T47/><D100/><U6/><E6/><V101/><F111/><W98/><G7/><T20/><D126/><U83/><E83/><V109/><F109/><W26/><G4/><T97/><D127/><U27/><AGARI ba="0,1" hai="9,11,22,27,29,50,52,58,82,84,90,93,99,102" machi="27" ten="30,7900,0" yaku="1,1,0,1,8,1,54,1,53,0" doraHai="40" doraHaiUra="116" who="1" fromWho="1" sc="250,-39,240,89,250,-20,250,-20" /><INIT seed="1,0,0,5,5,30" ten="211,329,230,230" oya="1" hai0="53,95,96,14,135,108,131,111,75,57,102,17,7" hai1="13,11,87,107,48,132,34,125,55,99,5,109,78" hai2="64,46,100,112,38,121,16,44,128,49,43,35,94" hai3="92,8,6,20,41,101,52,54,22,60,23,29,97"/><U47/><E125/><V63/><F121/><W116/><G116/><T103/><D75/><U56/><E132/><V115/><F128/><W133/><G133/><T120/><D135/><U80/><E109/><N who="0" m="42057" /><D131/><U51/><E34/><V91/><F100/><W26/><G41/><T134/><D134/><U104/><REACH who="1" step="1"/><E99/><REACH who="1" ten="211,319,230,230" step="2"/><V123/><F35/><W118/><G118/><T31/><D120/><U36/><E36/><V88/><F123/><W89/><G101/><N who="0" m="60575" /><D31/><U83/><E83/><V62/><F38/><W1/><REACH who="3" step="1"/><G60/><REACH who="3" ten="211,319,230,220" step="2"/><N who="0" m="35887" /><D7/><U10/><E10/><AGARI ba="0,2" hai="10,14,17,102,103" m="35887,60575,42057" machi="10" ten="30,1000,0" yaku="14,1" doraHai="30" who="0" fromWho="1" sc="211,30,319,-10,230,0,220,0" /><INIT seed="2,0,0,5,5,79" ten="241,309,230,220" oya="2" hai0="95,17,126,73,2,31,94,76,115,98,37,40,132" hai1="60,81,119,127,91,56,74,3,133,82,46,36,109" hai2="108,103,66,13,49,51,5,90,72,45,18,47,34" hai3="110,35,123,68,84,112,44,30,118,29,42,53,87"/><V80/><F34/><W23/><G68/><T107/><D115/><U6/><E119/><V77/><F5/><W59/><G35/><T113/><D113/><U92/><E109/><V86/><F103/><W104/><G104/><T85/><D31/><N who="3" m="11785" /><G110/><T64/><D64/><U120/><E120/><V20/><F108/><W89/><G123/><T78/><D17/><U121/><E121/><V0/><F0/><W135/><G135/><T15/><D15/><U26/><E26/><V131/><F131/><W54/><G118/><T1/><D40/><U52/><E74/><V99/><F66/><W97/><G23/><T69/><D37/><U27/><E27/><V62/><F62/><N who="3" m="36207" /><G42/><T63/><D63/><U16/><E133/><V57/><F99/><W32/><G32/><T24/><D24/><U106/><E106/><V83/><REACH who="2" step="1"/><F57/><REACH who="2" ten="241,309,220,220" step="2"/><W134/><G134/><T11/><D132/><U43/><E56/><V61/><F61/><W41/><G112/><T33/><D33/><U130/><E60/><V124/><F124/><W75/><G97/><T14/><D126/><U8/><E127/><V58/><F58/><W9/><G54/><T88/><D107/><U39/><E52/><V125/><F125/><W129/><G129/><T10/><D98/><N who="1" m="57631" /><E130/><V105/><F105/><W65/><G65/><T4/><D69/><U96/><E96/><V19/><F19/><W67/><G67/><T55/><D55/><U71/><E71/><V117/><F117/><W21/><G41/><T101/><D1/><U128/><E128/><V22/><F22/><W102/><G21/><T114/><D114/><RYUUKYOKU ba="0,1" sc="241,-10,309,-10,220,30,220,-10" hai2="13,18,20,45,47,49,51,72,77,80,83,86,90" /><INIT seed="2,1,1,4,5,40" ten="231,299,250,210" oya="2" hai0="45,35,86,27,109,134,25,93,56,2,103,21,65" hai1="114,1,23,100,107,115,58,131,132,108,49,75,111" hai2="127,36,8,54,10,38,89,72,24,5,50,7,90" hai3="105,55,66,118,99,122,51,81,91,53,47,12,82"/><V64/><F72/><W135/><G122/><T74/><D74/><U0/><E75/><V76/><F76/><W123/><G118/><T31/><D2/><N who="1" m="1131" /><E131/><V62/><F24/><W98/><G123/><T113/><D113/><U120/><E120/><V67/><F50/><N who="3" m="28895" /><G105/><T73/><D73/><U20/><E132/><V85/><F54/><W95/><G66/><N who="2" m="25129" /><F85/><N who="3" m="52719" /><G12/><T96/><D134/><U6/><E6/><N who="2" m="2059" /><F62/><W44/><G135/><T112/><D112/><N who="1" m="43051" /><E100/><V13/><F13/><W70/><G70/><T63/><D86/><U92/><E107/><V77/><F77/><W41/><G41/><T126/><D103/><U119/><E119/><V61/><F61/><W3/><G3/><T22/><D96/><AGARI ba="1,1" hai="44,51,55,81,82,96,98,99" m="52719,28895" machi="96" ten="30,3900,0" yaku="8,1,52,2" doraHai="40" who="3" fromWho="0" sc="231,-42,299,0,250,0,210,52" /><INIT seed="3,0,0,2,4,70" ten="189,299,250,262" oya="3" hai0="61,112,110,15,77,93,28,105,54,39,11,115,84" hai1="25,88,2,42,62,17,90,126,35,108,8,68,131" hai2="125,128,123,118,101,121,86,33,13,19,60,75,98" hai3="81,113,12,58,69,57,49,30,133,130,27,9,22"/><W71/><G113/><N who="0" m="43595" /><D105/><U47/><E108/><V4/><F118/><W46/><G130/><T103/><D28/><U96/><E131/><V59/><F128/><W34/><G34/><T95/><D110/><U91/><E126/><V38/><F33/><W74/><G133/><T21/><D21/><U129/><E129/><V89/><F4/><W29/><G29/><T116/><D116/><U16/><E35/><V99/><F75/><W76/><G69/><T102/><D77/><U36/><E96/><V132/><F132/><W122/><G71/><T45/><D61/><U127/><E127/><V55/><F125/><W92/><G92/><N who="0" m="35403" /><D84/><U24/><E62/><V79/><F79/><W114/><G114/><T10/><D54/><U119/><E119/><V37/><F86/><W18/><G122/><N who="2" m="46601" /><F89/><W52/><AGARI ba="0,0" hai="9,12,18,22,27,30,46,49,52,57,58,74,76,81" machi="52" ten="20,3900,0" yaku="0,1,7,1,54,1" doraHai="70" who="3" fromWho="3" sc="189,-13,299,-13,250,-13,262,39" owari="176,-32.0,286,9.0,237,-16.0,301,39.0" /></mjloggm>