<mjloggm ver="2.3"><GO type="169" lobby="0"/><UN n0="%4A%6F%75%72%6E%65%79" n1="%66%61%6E%73%74%65%70" n2="%73%61%6E%67%6F%64%64%6F" n3="%E3%83%87%E3%83%AA%E3%83%AA%E3%82%A6%E3%83%A0%E3%81%A1%E3%82%83%E3%82%93" dan="17,16,16,16" rate="2193.70,2138.76,2184.08,2106.62" sx="M,M,M,F"/><TAIKYOKU oya="0"/><INIT seed="0,0,0,5,0,34" ten="250,250,250,250" oya="0" hai0="109,103,97,98,101,74,133,65,105,21,80,51,35" hai1="134,108,2,8,71,41,84,76,77,36,5,127,17" hai2="93,46,26,25,121,112,125,118,12,16,113,129,88" hai3="54,96,68,78,89,69,128,27,30,75,87,20,56"/><T111/><D35/><U122/><E71/><V0/><F121/><W43/><G128/><T135/><D65/><U110/><E122/><V33/><F129/><W42/><G96/><T58/><D58/><U126/><E84/><V63/><F0/><W64/><G64/><T10/><D21/><U83/><E17/><V114/><F125/><N who="1" m="47625" /><E134/><N who="0" m="51209" /><D51/><U116/><E116/><V6/><F6/><W24/><G69/><T60/><D60/><U91/><E91/><V1/><F1/><W31/><G68/><T102/><D10/><U37/><E37/><V130/><F130/><W50/><G75/><T29/><D29/><U48/><E48/><V94/><F94/><W23/><REACH who="3" step="1"/><G78/><REACH who="3" ten="250,250,250,240" step="2"/><N who="0" m="44119" /><D102/><U7/><E77/><V123/><F123/><W28/><G28/><T62/><D62/><U38/><E7/><V132/><F63/><W95/><AGARI ba="0,1" hai="20,23,24,27,30,31,42,43,50,54,56,87,89,95" machi="95" ten="20,8000,1" yaku="1,1,0,1,7,1,9,1,8,1,53,0" doraHai="34" doraHaiUra="13" who="3" fromWho="3" sc="250,-40,250,-20,250,-20,240,90" /><INIT seed="1,0,0,3,4,0" ten="210,230,230,330" oya="1" hai0="110,109,46,56,102,2,5,113,52,86,24,27,15" hai1="123,11,111,125,39,64,93,51,100,25,58,26,72" hai2="41,128,88,67,59,105,44,61,6,103,97,65,54" hai3="131,130,116,55,22,3,76,95,14,42,10,81,50"/><U63/><E72/><V134/><F128/><N who="3" m="49195" /><G116/><T40/><D113/><U126/><E123/><V85/><F134/><W104/><G104/><T78/><D2/><U47/><E39/><V53/><F67/><W69/><G69/><T17/><D102/><U20/><E111/><N who="0" m="42505" /><D86/><U33/><E33/><V107/><F107/><W60/><G3/><T127/><D78/><U124/><E11/><V87/><F87/><N who="3" m="48551" /><G95/><T4/><D127/><U8/><E8/><V12/><F12/><W82/><G82/><T119/><D119/><U117/><E117/><V9/><F9/><W129/><N who="3" m="49203" /><W77/><DORA hai="90" /><G77/><T36/><D15/><U71/><E71/><V91/><F6/><N who="0" m="2666" /><D17/><U75/><E75/><V115/><F115/><W68/><G22/><T37/><D37/><U31/><E26/><V98/><F98/><W84/><G84/><T118/><D118/><U28/><E28/><V106/><F106/><W16/><G42/><T92/><D92/><U94/><E100/><V89/><REACH who="2" step="1"/><F85/><REACH who="2" ten="210,230,220,330" step="2"/><W35/><G10/><T21/><D21/><U133/><REACH who="1" step="1"/><E133/><REACH who="1" ten="210,220,220,330" step="2"/><V7/><F7/><W19/><G35/><T49/><AGARI ba="0,2" hai="24,27,36,40,46,49,52,56" m="2666,42505" machi="49" ten="30,8000,1" yaku="14,1,52,3,54,1" doraHai="0,90" who="0" fromWho="0" sc="210,100,220,-40,220,-20,330,-20" /><INIT seed="2,0,0,2,3,19" ten="310,180,200,310" oya="2" hai0="26,0,115,108,77,65,33,41,36,121,1,30,9" hai1="85,118,60,104,6,86,133,69,23,83,87,35,10" hai2="94,76,13,46,93,72,126,11,113,25,50,55,81" hai3="4,37,31,52,71,73,122,99,114,74,14,116,124"/><V95/><F126/><W20/><G71/><T43/><D121/><U3/><E104/><V49/><F113/><W2/><G37/><T117/><D115/><U112/><E118/><V27/><REACH who="2" step="1"/><F50/><REACH who="2" ten="310,180,190,310" step="2"/><W129/><G114/><T63/><D36/><U51/><E112/><V127/><F127/><W105/><G124/><T106/><D108/><U98/><E51/><V130/><F130/><W47/><G116/><T61/><D117/><U128/><E128/><V110/><F110/><W103/><G129/><T120/><D120/><U135/><E135/><V78/><F78/><W132/><G122/><T8/><D77/><U88/><E133/><V16/><AGARI ba="0,1" hai="11,13,16,25,27,46,49,55,72,76,81,93,94,95" machi="16" ten="30,6000,0" yaku="1,1,0,1,54,1,53,0" doraHai="19" doraHaiUra="102" who="2" fromWho="2" sc="310,-20,180,-20,190,70,310,-20" /><INIT seed="2,1,0,2,3,63" ten="290,160,260,290" oya="2" hai0="82,42,76,19,38,94,7,126,10,115,96,53,41" hai1="3,122,50,60,57,102,4,109,111,68,5,36,80" hai2="54,24,44,91,110,113,90,104,59,72,100,37,121" hai3="34,66,35,73,30,75,87,51,9,114,6,48,95"/><V22/><F121/><W124/><G114/><T31/><D126/><U112/><E112/><V107/><F113/><W12/><G124/><T93/><D115/><U28/><E36/><V26/><F72/><W13/><G73/><T16/><D31/><U83/><E122/><V47/><F100/><W71/><G75/><T106/><D106/><U77/><E68/><V15/><F37/><W133/><G133/><T17/><D53/><U74/><E28/><V56/><F15/><W135/><G135/><T64/><D64/><U0/><E102/><V108/><F54/><W8/><G30/><T131/><D131/><U81/><E50/><V103/><F103/><W128/><G128/><T134/><D134/><U105/><E105/><V89/><F89/><W85/><G71/><T119/><D119/><U61/><E74/><V84/><F22/><W123/><G123/><T2/><D96/><U32/><E32/><V120/><F84/><W58/><G95/><T88/><D76/><U39/><E39/><V86/><F86/><W46/><G34/><T45/><D42/><U127/><E127/><V18/><REACH who="2" step="1"/><F120/><REACH who="2" ten="290,160,250,290" step="2"/><W79/><G35/><T98/><D98/><U130/><E130/><V14/><F14/><W132/><G87/><T67/><D88/><U40/><E40/><V43/><F43/><W1/><G132/><T97/><D97/><U99/><E99/><V11/><F11/><W118/><G118/><T20/><D20/><U27/><E77/><V33/><F33/><W52/><G8/><T129/><D129/><U116/><E116/><V62/><F62/><N who="3" m="38231" /><G48/><T117/><D117/><RYUUKYOKU ba="1,1" sc="290,-15,160,-15,250,15,290,15" hai2="18,24,26,44,47,56,59,90,91,104,107,108,110" hai3="1,6,9,12,13,46,51,52,79,85" /><INIT seed="2,2,1,0,2,38" ten="275,145,265,305" oya="2" hai0="5,98,94,132,130,126,23,83,16,46,62,97,50" hai1="64,37,114,39,24,92,9,18,86,30,79,33,112" hai2="106,31,63,71,122,29,128,117,85,21,116,57,55" hai3="44,66,7,123,101,127,17,75,81,1,74,14,68"/><V6/><F122/><W107/><G123/><T35/><D35/><U113/><E64/><V41/><F106/><W129/><G127/><T121/><D121/><U133/><E133/><V110/><F128/><W36/><G129/><T91/><D130/><U25/><E79/><V15/><F71/><W54/><G14/><T90/><D126/><U4/><E18/><V125/><F125/><W72/><G17/><T105/><D132/><U65/><E65/><V131/><F131/><W134/><G54/><T56/><D5/><U119/><E119/><V111/><F116/><W99/><G134/><T120/><D120/><U93/><E93/><V8/><F85/><W84/><G84/><N who="0" m="50463" /><D105/><U73/><E73/><V22/><F41/><N who="3" m="22567" /><G66/><N who="0" m="39239" /><D91/><U102/><E86/><V104/><F104/><W96/><G96/><T42/><D94/><U115/><N who="1" m="28672" /><DORA hai="11" /><U40/><E40/><V19/><F117/><W12/><G12/><AGARI ba="2,1" hai="12,16,23,42,46,50,97,98" m="39239,50463" machi="12" ten="30,7700,0" yaku="8,1,52,2,54,1" doraHai="38,11" who="0" fromWho="3" sc="275,93,145,0,265,0,305,-83" /><INIT seed="3,0,0,1,3,84" ten="368,145,265,222" oya="3" hai0="117,31,16,33,98,21,51,121,85,17,133,34,39" hai1="124,46,122,58,71,67,105,108,2,109,61,126,89" hai2="106,50,18,88,113,131,73,79,110,12,27,22,47" hai3="5,95,6,100,53,14,56,62,9,30,70,54,13"/><W43/><G43/><T90/><D39/><U103/><E2/><V4/><F113/><W80/><G70/><T20/><D117/><U0/><E0/><V112/><F112/><W42/><G42/><T114/><D121/><U66/><E105/><V86/><F106/><W25/><G80/><T29/><D114/><U45/><E103/><V59/><F110/><N who="1" m="42601" /><E122/><V104/><F104/><W94/><G54/><T132/><D98/><U82/><E82/><V129/><F59/><W111/><G111/><T40/><D40/><U41/><E89/><V130/><F79/><W127/><G127/><N who="1" m="48682" /><E41/><N who="2" m="24943" /><F73/><W3/><G100/><T97/><D97/><U64/><E71/><V102/><F102/><W63/><G63/><T123/><D123/><U55/><AGARI ba="0,0" hai="45,46,55,58,61,64,66,67" m="48682,42601" machi="55" ten="40,8000,1" yaku="14,1,18,1,34,2" doraHai="84" who="1" fromWho="1" sc="368,-20,145,80,265,-20,222,-40" /><INIT seed="4,0,0,1,0,116" ten="348,225,245,182" oya="0" hai0="127,23,14,120,117,86,78,11,74,2,51,42,33" hai1="128,101,102,3,18,114,135,40,24,0,126,96,88" hai2="95,30,45,83,48,111,93,28,64,125,76,60,77" hai3="68,56,13,130,16,103,79,26,59,31,10,69,109"/><T5/><D117/><U94/><E40/><V62/><F111/><W54/><G109/><T124/><D33/><U65/><E65/><V71/><F125/><N who="0" m="48202" /><D74/><U129/><E126/><V12/><F62/><W70/><G130/><N who="1" m="50282" /><E135/><V29/><F12/><W50/><G103/><N who="1" m="39434" /><E114/><V22/><F22/><AGARI ba="0,0" hai="0,3,18,22,24,88,94,96" m="39434,50282" machi="22" ten="30,2000,0" yaku="19,1,54,1" doraHai="116" who="1" fromWho="2" sc="348,0,225,20,245,-20,182,0" /><INIT seed="5,0,0,4,0,7" ten="348,245,225,182" oya="1" hai0="117,1,32,101,15,60,128,40,80,48,84,9,43" hai1="41,26,3,107,21,134,45,79,69,29,22,98,111" hai2="8,96,38,57,95,120,16,124,90,116,113,18,49" hai3="129,103,100,24,20,105,64,0,127,130,125,78,6"/><U17/><E134/><V65/><F116/><W63/><G78/><T19/><D117/><U75/><E111/><V11/><F120/><W106/><G6/><T31/><D128/><N who="3" m="49257" /><G0/><T86/><D1/><U114/><E114/><V13/><F38/><W94/><G64/><T10/><D101/><N who="3" m="38985" /><G63/><T74/><D74/><U109/><E109/><V30/><F113/><W4/><G4/><T67/><D86/><U104/><E98/><V121/><F124/><N who="3" m="47691" /><G20/><T71/><D48/><U5/><E69/><V37/><F121/><W108/><G24/><T61/><D61/><U58/><E58/><V70/><F37/><W135/><G108/><T14/><D31/><U119/><E22/><N who="2" m="11535" /><F70/><W28/><G28/><T82/><D32/><U97/><E29/><V72/><F72/><W12/><G12/><T91/><D43/><U133/><E75/><V73/><F73/><W34/><G34/><T44/><D40/><U52/><E41/><V85/><F30/><W115/><G115/><T87/><D44/><U42/><E42/><V51/><F18/><W66/><G66/><T23/><D15/><U126/><E5/><V39/><F39/><W47/><G47/><T54/><D54/><U77/><E3/><V112/><F112/><W53/><G53/><T62/><D62/><U46/><E126/><V81/><F51/><W88/><G135/><T93/><D71/><U110/><E133/><V92/><F49/><W122/><G122/><T55/><D60/><U68/><E110/><V35/><F35/><W50/><G50/><T118/><D67/><U33/><E45/><V2/><F2/><RYUUKYOKU ba="0,0" sc="348,-10,245,-10,225,-10,182,30" hai3="88,94,105,106" /><INIT seed="6,1,0,2,4,89" ten="338,235,215,212" oya="2" hai0="51,52,116,0,32,82,59,13,63,107,11,135,123" hai1="125,75,103,120,38,58,108,83,55,44,46,133,126" hai2="21,23,57,42,115,7,27,5,124,15,29,14,3" hai3="8,37,53,93,12,10,102,65,117,79,104,114,69"/><V105/><F105/><W86/><G37/><T129/><D123/><U56/><E103/><V28/><F42/><W100/><G117/><T111/><D111/><U101/><E101/><V43/><F43/><W61/><G114/><T90/><D116/><U30/><E30/><N who="2" m="11883" /><F57/><W22/><G104/><T128/><D32/><U130/><E108/><V49/><F49/><W31/><G53/><T96/><D0/><U45/><E83/><V87/><F87/><W122/><G122/><T76/><D135/><U33/><E33/><V60/><F60/><W85/><G10/><T9/><D9/><U50/><E75/><V74/><F74/><W26/><G79/><T47/><D107/><U119/><E120/><V16/><F124/><N who="1" m="47721" /><E119/><V36/><F36/><W62/><G62/><T68/><D68/><U67/><E133/><V109/><F115/><W73/><G73/><T127/><D127/><U19/><E38/><V71/><F71/><W54/><G54/><T80/><D76/><U84/><E84/><V94/><F3/><W88/><REACH who="3" step="1"/><G85/><REACH who="3" ten="338,235,215,202" step="2"/><T134/><D63/><N who="1" m="38391" /><E130/><V110/><F110/><W95/><G95/><T18/><D129/><U72/><E72/><V131/><F109/><W97/><G97/><T77/><D128/><U98/><E98/><V92/><F131/><W39/><G39/><T106/><D106/><U25/><E46/><V2/><F2/><W132/><G132/><T1/><D134/><U34/><E34/><V17/><F5/><AGARI ba="1,1" hai="5,8,12,22,26,31,61,65,69,86,88,93,100,102" machi="5" ten="30,7700,0" yaku="1,1,7,1,52,1,54,1,53,0" doraHai="89" doraHaiUra="70" who="3" fromWho="2" sc="338,0,235,0,215,-80,202,90" /><INIT seed="7,0,0,1,5,51" ten="338,235,135,292" oya="3" hai0="90,43,123,5,32,110,127,96,107,47,44,120,12" hai1="38,101,57,59,53,14,95,35,128,69,52,74,122" hai2="11,30,94,102,63,26,13,2,20,7,22,124,108" hai3="79,111,70,25,134,64,109,23,71,114,66,33,18"/><W65/><G114/><T89/><D110/><N who="3" m="41993" /><G134/><T24/><D127/><U6/><E35/><V68/><F124/><W76/><G33/><T56/><D56/><U61/><E74/><V83/><F108/><W117/><G117/><T125/><D125/><U135/><E135/><V41/><F41/><W97/><G97/><T126/><D126/><U62/><E122/><V133/><F133/><W131/><G131/><T87/><D47/><U58/><E128/><V84/><F68/><AGARI ba="0,0" hai="18,23,25,64,65,66,68,70,71,76,79" m="41993" machi="68" ten="40,2000,0" yaku="10,1" doraHai="51" who="3" fromWho="2" sc="338,0,235,0,135,-20,292,20" /><INIT seed="7,1,0,4,4,30" ten="338,235,115,312" oya="3" hai0="63,106,44,73,26,54,38,94,113,62,17,119,107" hai1="37,125,49,50,31,48,134,123,89,47,104,81,101" hai2="114,18,78,126,39,75,5,10,96,132,112,34,33" hai3="11,43,120,22,131,129,53,9,72,83,1,109,100"/><W90/><G120/><T42/><D119/><U7/><E123/><V127/><F39/><W82/><G109/><T70/><D73/><U102/><E104/><V130/><F75/><W124/><G100/><T58/><D113/><N who="2" m="43626" /><F78/><N who="3" m="44359" /><G124/><N who="2" m="47657" /><F96/><W71/><G71/><T98/><D17/><U95/><E125/><V12/><F132/><W88/><G43/><T103/><D26/><U74/><E134/><V76/><F76/><W0/><G53/><T23/><D23/><U115/><E115/><V27/><F130/><N who="3" m="49675" /><G22/><AGARI ba="1,0" hai="5,10,12,18,22,27,33,34" m="47657,43626" machi="22" ten="30,12000,2" yaku="15,1,18,1,34,2,52,2" doraHai="30" who="2" fromWho="3" sc="338,0,235,0,115,123,312,-123" owari="338,43.0,235,-16.0,238,4.0,189,-31.0" /></mjloggm>