<mjloggm ver="2.3"><GO type="185" lobby="0"/><UN n0="%E3%82%B2%E3%83%B3%E3%82%BA" n1="%4B%69%72%63%68%65" n2="%72%61%74%65%72%61%74%65" n3="" dan="16,17,16,0" rate="2074.14,2284.32,2192.80,1500.00" sx="M,M,F,C"/><TAIKYOKU oya="0"/><INIT seed="0,0,0,0,1,99" ten="350,350,350,0" oya="0" hai0="117,123,38,0,3,67,84,108,85,39,107,42,116" hai1="130,112,118,1,127,128,70,73,92,129,47,36,44" hai2="66,104,101,87,102,89,126,135,72,103,81,75,121" hai3=""/><T93/><N who="0" m="31520" /><T52/><D107/><U88/><E1/><V41/><N who="2" m="31008" /><V86/><F66/><T119/><D67/><U40/><E118/><V122/><N who="2" m="31264" /><V114/><F41/><T54/><D93/><U46/><E112/><V37/><F37/><T50/><D50/><U91/><E70/><V125/><F114/><T110/><D116/><U63/><E73/><N who="2" m="28235" /><F135/><T45/><D42/><U69/><E127/><N who="2" m="48651" /><F87/><T49/><REACH who="0" step="1"/><D49/><REACH who="0" ten="340,350,350,0" step="2"/><U133/><E133/><V55/><F55/><T134/><D134/><U48/><E48/><V120/><N who="2" m="30752" /><V59/><F59/><T98/><D98/><AGARI ba="0,1" hai="81,86,89,98,101,102,103,104" m="30752,48651,28235,31264,31008" machi="98" ten="30,16000,3" yaku="18,1,34,2,52,6" doraHai="99" who="2" fromWho="0" sc="340,-160,350,0,350,170,0,0" /><INIT seed="1,0,0,0,2,121" ten="180,350,520,0" oya="1" hai0="104,46,50,91,1,2,79,81,67,132,114,92,39" hai1="128,44,70,52,85,69,47,120,97,118,65,43,135" hai2="127,125,33,80,107,55,99,126,63,96,71,49,89" hai3=""/><U74/><E74/><V100/><F33/><T48/><D114/><U0/><E0/><V93/><F80/><T3/><D104/><U58/><E118/><V90/><F90/><T73/><D132/><U76/><N who="1" m="30752" /><U35/><E35/><V53/><F49/><T134/><D134/><U108/><E135/><V129/><F129/><T131/><D131/><U115/><E115/><V60/><F60/><T68/><D68/><U72/><E72/><V83/><F83/><T105/><D67/><AGARI ba="0,0" hai="53,55,63,67,71,89,93,96,99,100,107,125,126,127" machi="67" ten="40,1300,0" yaku="18,1" doraHai="121" who="2" fromWho="0" sc="180,-13,350,0,520,13,0,0" /><INIT seed="2,0,0,2,2,87" ten="167,350,533,0" oya="2" hai0="119,94,104,48,58,84,49,76,61,54,64,73,92" hai1="57,3,39,65,43,63,75,96,129,38,40,103,36" hai2="109,123,0,59,113,79,77,45,132,88,69,105,120" hai3=""/><V34/><N who="2" m="30752" /><V91/><N who="2" m="31520" /><V85/><F113/><T124/><D104/><U100/><E3/><V116/><F0/><T115/><D119/><U78/><E129/><V95/><F116/><T134/><D124/><U114/><E114/><V135/><F69/><T90/><D115/><U97/><E78/><V35/><F105/><T131/><D131/><U53/><E75/><V52/><F109/><T60/><D134/><N who="2" m="51242" /><F45/><T121/><N who="0" m="31008" /><T32/><D32/><N who="2" m="12330" /><F91/><T42/><D42/><U68/><E43/><V51/><AGARI ba="0,0" hai="51,52,59,77,79,85,88,95" m="12330,51242,31520,30752" machi="51" ten="30,12000,2" yaku="20,1,52,3,54,2" doraHai="87" who="2" fromWho="2" sc="167,-60,350,-60,533,120,0,0" /><INIT seed="2,1,0,1,5,35" ten="107,290,653,0" oya="2" hai0="41,126,61,40,85,108,51,57,47,119,73,97,114" hai1="127,67,103,68,96,70,116,95,58,77,34,75,91" hai2="83,115,37,36,69,80,81,105,2,107,72,45,53" hai3=""/><V76/><F115/><T78/><D119/><U92/><E34/><V43/><F69/><T117/><D117/><U71/><E92/><V129/><F129/><T110/><D114/><U60/><E116/><V99/><F2/><T87/><D126/><U101/><E127/><V55/><F36/><T109/><D41/><U88/><REACH who="1" step="1"/><E101/><REACH who="1" ten="107,280,653,0" step="2"/><V123/><N who="2" m="31520" /><V44/><F107/><T3/><D110/><U82/><AGARI ba="1,1" hai="58,60,67,68,70,71,75,77,82,88,91,95,96,103" machi="82" ten="40,3900,0" yaku="1,1,0,1,54,1,53,0" doraHai="35" doraHaiUra="122" who="1" fromWho="1" sc="107,-14,280,51,653,-27,0,0" /><INIT seed="4,0,0,0,3,92" ten="93,331,626,0" oya="0" hai0="60,65,3,116,58,96,94,118,128,119,109,111,42" hai1="103,35,99,86,43,81,93,124,74,72,90,130,34" hai2="2,51,38,85,97,91,59,89,49,83,95,67,63" hai3=""/><T129/><D3/><U76/><E124/><V66/><F38/><T64/><D42/><U105/><E74/><V77/><F2/><T98/><D65/><U69/><E69/><V82/><REACH who="2" step="1"/><F67/><REACH who="2" ten="93,331,616,0" step="2"/><T1/><D1/><U120/><N who="1" m="30752" /><U47/><REACH who="1" step="1"/><E130/><REACH who="1" ten="93,321,616,0" step="2"/><N who="0" m="50281" /><D94/><U127/><E127/><V54/><F54/><T46/><D46/><U71/><E71/><V106/><F106/><T53/><D64/><U50/><AGARI ba="0,2" hai="34,35,43,47,50,72,76,81,86,90,93,99,103,105" m="30752" machi="50" ten="20,12000,3" yaku="1,1,0,1,7,1,24,2,52,2,53,2" doraHai="92" doraHaiUra="0" who="1" fromWho="1" sc="93,-80,321,140,616,-40,0,0" /><INIT seed="5,0,0,2,4,70" ten="13,461,576,0" oya="1" hai0="75,1,117,128,98,56,93,124,112,108,99,48,125" hai1="72,44,46,63,130,54,101,61,69,83,37,95,94" hai2="34,107,71,55,132,0,81,68,105,96,88,43,92" hai3=""/><U134/><E134/><V97/><F34/><T80/><D56/><U64/><E130/><V67/><F0/><T51/><D48/><U40/><E101/><V45/><F132/><T73/><D51/><U133/><E133/><V122/><N who="2" m="31264" /><V77/><F55/><T106/><D98/><U76/><E61/><V102/><F105/><T85/><D99/><U109/><E109/><V62/><F71/><T60/><D93/><U32/><E32/><V110/><F110/><T50/><D85/><U118/><E118/><V57/><F68/><T89/><D50/><U49/><AGARI ba="0,0" hai="37,40,44,46,49,54,63,64,69,72,76,83,94,95" machi="49" ten="30,2000,0" yaku="0,1,52,1" doraHai="70" who="1" fromWho="1" sc="13,-10,461,20,576,-10,0,0" /><INIT seed="5,1,0,4,2,42" ten="3,481,566,0" oya="1" hai0="59,121,84,38,115,73,76,64,74,62,98,120,97" hai1="37,39,46,92,112,127,133,52,77,99,113,3,108" hai2="93,60,123,32,1,79,63,44,131,48,56,47,105" hai3=""/><U82/><E3/><V130/><N who="2" m="31520" /><V58/><F32/><T83/><D98/><U96/><E108/><V86/><F1/><T87/><D97/><U95/><E127/><V78/><F105/><T118/><D87/><U88/><E133/><V35/><F35/><T72/><D84/><U116/><E116/><V135/><F135/><T89/><D83/><U125/><E125/><V66/><F93/><T124/><D89/><U70/><E70/><V69/><F69/><T114/><D76/><U49/><E113/><V107/><F107/><T100/><D59/><U33/><E112/><V68/><F68/><T53/><D62/><U40/><E33/><V67/><F86/><T57/><D53/><U134/><E134/><V122/><N who="2" m="31264" /><V65/><F65/><T111/><D57/><U75/><E40/><V132/><F132/><T126/><D64/><U45/><E46/><V91/><F91/><AGARI ba="1,0" hai="37,39,45,49,52,75,77,82,88,91,92,95,96,99" machi="91" ten="30,12000,1" yaku="7,1,9,1,52,1,54,2" doraHai="42" who="1" fromWho="2" sc="3,0,481,122,566,-122,0,0" /><INIT seed="5,2,0,1,4,82" ten="3,603,444,0" oya="1" hai0="123,72,33,87,83,32,133,95,69,57,120,90,39" hai1="71,54,89,47,46,67,79,125,85,118,111,45,134" hai2="108,77,38,74,92,81,34,44,70,1,42,35,102" hai3=""/><U37/><E118/><V3/><F108/><T48/><D95/><U106/><E111/><V78/><F70/><T88/><D90/><U61/><E106/><V49/><F77/><T103/><D88/><U64/><E125/><V91/><F3/><T128/><D87/><U53/><E37/><V113/><F1/><T100/><D83/><U68/><E79/><V41/><F113/><T124/><D100/><U97/><E97/><V99/><F38/><T130/><D103/><U98/><E98/><V104/><F41/><T0/><D57/><U96/><E96/><AGARI ba="2,0" hai="34,35,42,44,49,74,78,81,91,92,96,99,102,104" machi="96" ten="30,1000,0" yaku="7,1" doraHai="82" who="2" fromWho="1" sc="3,0,603,-14,444,14,0,0" /><INIT seed="6,0,0,3,1,123" ten="3,589,458,0" oya="2" hai0="117,48,75,125,93,43,66,45,72,55,107,77,126" hai1="105,135,90,133,130,91,103,47,110,101,82,2,124" hai2="132,71,131,54,112,53,84,86,58,94,115,97,116" hai3=""/><V108/><F116/><T122/><D93/><U119/><E2/><V79/><F131/><T89/><D77/><U0/><E0/><V60/><F71/><T69/><D89/><U109/><E47/><V67/><F132/><T83/><D43/><U111/><E130/><V50/><F108/><T121/><D45/><U70/><E70/><V42/><F42/><T106/><D48/><U127/><E119/><V38/><F38/><T46/><D55/><U65/><E65/><V104/><F104/><T62/><D46/><U35/><E35/><V40/><F40/><T51/><D62/><U57/><E57/><V33/><F33/><T81/><D51/><U61/><E61/><V134/><F134/><T3/><D66/><U44/><E44/><V113/><F79/><T1/><D83/><U49/><E49/><V118/><F118/><T41/><D81/><U39/><E82/><V34/><F34/><T68/><D41/><U59/><E110/><V87/><F50/><T120/><N who="0" m="30752" /><T129/><D117/><U88/><E39/><V95/><F95/><T52/><D52/><U96/><E109/><V78/><F78/><T64/><D64/><U80/><E111/><V32/><F32/><T76/><D76/><U102/><E105/><RYUUKYOKU ba="0,0" sc="3,10,589,-20,458,10,0,0" hai0="1,3,68,69,72,75,106,107,121,122,125,126,129" hai2="53,54,58,60,67,84,86,87,94,97,112,113,115" /><INIT seed="6,1,0,5,5,56" ten="13,569,468,0" oya="2" hai0="0,79,55,97,48,109,80,3,89,64,40,113,78" hai1="90,37,75,69,101,36,74,51,35,53,94,70,121" hai2="60,81,110,104,134,116,45,120,41,54,98,59,71" hai3=""/><V77/><N who="2" m="30752" /><V91/><F116/><T63/><D97/><U50/><N who="1" m="31008" /><U84/><E35/><V131/><F134/><T39/><D89/><U108/><E108/><V106/><F131/><T2/><D80/><U132/><E132/><V95/><F110/><T61/><D64/><U76/><E101/><V103/><F71/><T32/><D55/><U102/><E102/><V128/><F128/><T127/><D48/><U66/><E50/><V72/><REACH who="2" step="1"/><F103/><REACH who="2" ten="13,569,458,0" step="2"/><T133/><D40/><U62/><E70/><V126/><F126/><T114/><D133/><U87/><E36/><AGARI ba="1,1" hai="36,41,45,54,59,60,72,77,81,91,95,98,104,106" m="30752" machi="36" ten="30,12000,1" yaku="1,1,7,1,52,2,53,1" doraHai="56" doraHaiUra="42" who="2" fromWho="1" sc="13,0,569,-122,458,132,0,0" owari="13,-59.0,447,5.0,590,54.0,0,0.0" /></mjloggm>