<mjloggm ver="2.3"><GO type="169" lobby="0"/><UN n0="%E4%B8%AD%E6%9D%91%E8%B1%AA%EF%BC%A0" n1="%E4%BA%BA%E7%94%9F%E3%83%95%E3%83%AB%E3%82%BC%E3%83%B3%E3%83%84" n2="%45%46%46%59" n3="%E8%9B%99%E3%81%AE%E7%8E%8B" dan="16,17,16,18" rate="2086.12,2184.93,2085.34,2267.56" sx="M,M,F,M"/><TAIKYOKU oya="0"/><INIT seed="0,0,0,4,5,51" ten="250,250,250,250" oya="0" hai0="112,88,68,58,132,126,113,110,60,135,99,53,31" hai1="116,75,6,108,92,11,109,122,49,40,37,77,32" hai2="81,133,104,117,98,17,107,46,131,103,56,1,105" hai3="114,67,26,5,2,59,111,97,85,13,4,119,36"/><T72/><D72/><U129/><E116/><V90/><F1/><W7/><G119/><T33/><D126/><U102/><E122/><V35/><F35/><W78/><G36/><T22/><D33/><U18/><E32/><V96/><F117/><W124/><G2/><T64/><D31/><U52/><E129/><V8/><F133/><N who="0" m="51274" /><D22/><U30/><E30/><V87/><F56/><W21/><G114/><T69/><D110/><U0/><E37/><V115/><F115/><N who="0" m="44106" /><D64/><U118/><E118/><V101/><F46/><W76/><G111/><T83/><D83/><U16/><E75/><V57/><F57/><W80/><G124/><T55/><D53/><U10/><E52/><V20/><F8/><W123/><G123/><T95/><AGARI ba="0,0" hai="55,58,60,68,69,88,95,99" m="44106,51274" machi="95" ten="40,7800,0" yaku="20,1,52,1,54,1" doraHai="51" who="0" fromWho="0" sc="250,78,250,-26,250,-26,250,-26" /><INIT seed="0,1,0,1,1,94" ten="328,224,224,224" oya="0" hai0="77,58,120,129,59,55,6,105,53,11,93,135,98" hai1="116,82,57,62,130,91,109,124,106,7,108,39,10" hai2="85,96,112,33,100,113,45,115,80,70,87,51,12" hai3="131,50,23,123,107,95,118,128,63,56,30,20,4"/><T19/><D120/><U16/><E116/><V47/><F33/><W49/><G107/><T126/><D105/><U22/><E106/><V68/><F12/><W37/><G37/><T17/><D129/><N who="3" m="49737" /><G118/><T67/><D67/><U75/><E39/><V34/><F34/><W79/><G4/><T121/><D77/><U27/><E124/><V104/><F85/><W1/><G1/><T74/><D74/><U97/><E75/><V101/><F100/><W60/><G79/><T25/><D121/><U99/><E130/><V119/><F119/><W28/><G95/><T21/><D135/><U117/><E117/><V24/><F24/><W66/><G123/><T78/><D78/><U102/><E91/><V41/><REACH who="2" step="1"/><F45/><REACH who="2" ten="328,224,214,224" step="2"/><W84/><G84/><T31/><D126/><U35/><E35/><V3/><F3/><W90/><G30/><T36/><D31/><U46/><E46/><V89/><AGARI ba="1,1" hai="41,47,51,68,70,80,87,89,96,101,104,112,113,115" machi="89" ten="30,4000,0" yaku="1,1,0,1,52,1,53,0" doraHai="94" doraHaiUra="26" who="2" fromWho="2" sc="328,-21,224,-11,214,53,224,-11" /><INIT seed="1,0,0,3,5,133" ten="307,213,267,213" oya="1" hai0="41,61,117,63,113,81,55,50,23,79,52,58,11" hai1="69,119,128,12,123,73,70,78,93,9,108,122,38" hai2="43,125,39,40,134,116,131,110,88,94,135,18,56" hai3="59,80,33,84,42,107,32,111,77,85,48,86,20"/><U126/><E119/><V13/><F39/><W57/><G107/><T1/><D113/><U75/><E38/><V66/><F110/><W30/><G111/><T74/><D117/><U60/><E108/><V118/><F125/><W132/><G132/><N who="2" m="50729" /><F131/><W72/><G20/><T115/><D41/><N who="2" m="15946" /><F56/><W36/><G36/><T130/><D130/><U46/><E128/><V114/><F114/><W35/><G30/><T21/><D115/><U129/><E129/><V7/><F7/><W15/><REACH who="3" step="1"/><G15/><REACH who="3" ten="307,213,267,203" step="2"/><T127/><D21/><U19/><E12/><V53/><F118/><W124/><G124/><T105/><D105/><U121/><E126/><V112/><F116/><W16/><G16/><T49/><D127/><U90/><E19/><V34/><F18/><W64/><G64/><T91/><D23/><U67/><E67/><V65/><F13/><W22/><G22/><T28/><D28/><U47/><E122/><V101/><F34/><W109/><G109/><T17/><D17/><U104/><E104/><V4/><F4/><W8/><G8/><T83/><D11/><U10/><E9/><V26/><F112/><W51/><G51/><T106/><D106/><U76/><E10/><V44/><F26/><W120/><G120/><T25/><D25/><U68/><E123/><V24/><F24/><W99/><G99/><T62/><D1/><U87/><E121/><V71/><F66/><W3/><G3/><T82/><D49/><U45/><E60/><V27/><F27/><W0/><G0/><T95/><D55/><U100/><E100/><V96/><F101/><W5/><G5/><RYUUKYOKU ba="0,1" sc="307,10,213,10,267,-30,203,10" hai0="50,52,58,61,62,63,74,79,81,82,83,91,95" hai1="45,46,47,68,69,70,73,75,76,78,87,90,93" hai3="32,33,35,42,48,57,59,72,77,80,84,85,86" /><INIT seed="1,1,1,2,5,43" ten="317,223,237,213" oya="1" hai0="49,83,3,9,124,60,72,112,82,87,10,71,34" hai1="23,105,125,38,67,66,94,90,7,133,91,89,114" hai2="115,35,111,11,16,30,85,73,63,29,13,117,107" hai3="46,120,4,12,129,50,84,59,121,24,18,131,15"/><U22/><E105/><V41/><F73/><W20/><G59/><T44/><D34/><U116/><E114/><V99/><F117/><W57/><G57/><T8/><D112/><U135/><E116/><V100/><F111/><W32/><G84/><T6/><D124/><U108/><E108/><V52/><F115/><W81/><G81/><T45/><D72/><U79/><E125/><V101/><F35/><W134/><G134/><N who="1" m="51210" /><E7/><V69/><F41/><N who="3" m="24911" /><G32/><T75/><D75/><U14/><E38/><V130/><F130/><N who="3" m="49675" /><G4/><T118/><D118/><U70/><E79/><V17/><F17/><W19/><G24/><T53/><D82/><U37/><E37/><V25/><F25/><W78/><G78/><T47/><D60/><N who="1" m="40263" /><E67/><V48/><F85/><W65/><G65/><T64/><D64/><U54/><E54/><V122/><F63/><W93/><G93/><T77/><D71/><U74/><E74/><V56/><F69/><W96/><G96/><T21/><D6/><U102/><E14/><V128/><F128/><W68/><G68/><T88/><D77/><U98/><AGARI ba="1,1" hai="22,23,89,90,91,94,98,102" m="40263,51210" machi="98" ten="40,2100,0" yaku="20,1" doraHai="43" who="1" fromWho="1" sc="317,-8,223,34,237,-8,213,-8" /><INIT seed="1,2,0,5,0,55" ten="309,257,229,205" oya="1" hai0="87,101,129,94,100,126,37,78,58,18,47,2,34" hai1="115,40,99,107,44,114,118,81,12,104,5,75,20" hai2="56,68,119,130,66,128,19,65,74,69,113,97,43" hai3="132,89,22,10,122,46,110,45,38,63,41,109,42"/><U59/><E118/><V57/><F74/><W72/><G10/><T49/><D34/><U105/><E99/><V7/><F7/><W4/><G4/><T25/><D2/><U90/><E59/><N who="2" m="22603" /><F119/><W135/><G72/><T23/><D37/><U17/><E5/><V14/><F97/><W108/><G89/><N who="0" m="53567" /><D129/><N who="2" m="49770" /><F113/><W120/><G22/><T1/><D1/><U92/><E75/><V82/><F82/><W96/><G63/><T116/><D116/><U134/><E81/><V15/><F15/><W28/><G28/><T84/><D126/><U64/><E12/><V30/><F43/><W121/><G96/><T29/><D100/><U51/><E40/><V79/><F79/><W24/><REACH who="3" step="1"/><G24/><REACH who="3" ten="309,257,229,195" step="2"/><T123/><D25/><U103/><E115/><V62/><F30/><W21/><G21/><T127/><D23/><U16/><E20/><N who="2" m="11383" /><F62/><W98/><G98/><T8/><D29/><U91/><E114/><V27/><F27/><W53/><G53/><T133/><D127/><U52/><E52/><V39/><F65/><W26/><G26/><T117/><D117/><U48/><E64/><V3/><F66/><W73/><G73/><T35/><D35/><U124/><E124/><V0/><F3/><W67/><G67/><T32/><D32/><U76/><E105/><V11/><F0/><W125/><G125/><T83/><D78/><U80/><E104/><V71/><F11/><W112/><G112/><T111/><D8/><U31/><E107/><V95/><F95/><W13/><G13/><T93/><D93/><U36/><E92/><V131/><F131/><W9/><G9/><RYUUKYOKU ba="2,1" sc="309,-15,257,-15,229,15,195,15" hai2="39,68,69,71" hai3="38,41,42,45,46,108,109,110,120,121,122,132,135" /><INIT seed="2,3,1,4,3,7" ten="294,242,244,210" oya="2" hai0="134,62,107,34,127,86,2,88,108,94,78,119,30" hai1="81,93,74,113,132,68,52,123,58,124,85,121,117" hai2="32,87,57,1,21,90,115,64,129,98,15,103,29" hai3="125,65,10,17,14,105,33,41,128,130,16,126,110"/><V46/><F1/><W79/><G105/><T3/><D107/><U112/><E68/><V53/><F115/><W45/><G33/><T31/><D108/><U83/><E117/><V51/><F32/><W35/><G35/><T27/><D134/><U101/><E124/><N who="3" m="47722" /><G65/><T50/><D127/><U39/><E39/><V6/><F129/><N who="3" m="49771" /><G79/><T71/><D119/><U0/><E132/><V73/><F29/><W54/><G54/><T70/><D31/><U4/><E113/><V77/><F46/><W122/><G122/><T36/><D36/><U104/><E112/><V89/><F73/><W63/><G63/><T8/><D78/><U135/><E52/><V84/><F64/><W75/><G75/><T23/><D34/><U120/><E104/><V38/><F77/><W44/><G110/><T60/><D60/><U28/><E74/><V100/><F57/><W116/><G116/><T76/><D76/><U59/><E58/><V97/><F53/><W96/><G96/><T106/><D106/><U49/><E59/><V91/><F98/><W42/><G17/><T55/><D62/><U24/><E121/><V109/><F97/><W118/><G118/><T61/><D61/><U48/><E120/><V22/><F109/><W40/><AGARI ba="3,1" hai="10,14,16,40,41,42,44,45" m="49771,47722" machi="40" ten="40,8000,1" yaku="18,1,19,1,52,1,54,1" doraHai="7" who="3" fromWho="3" sc="294,-23,242,-23,244,-43,210,99" /><INIT seed="3,0,0,1,3,0" ten="271,219,201,309" oya="3" hai0="18,5,90,69,4,112,117,32,59,63,91,40,109" hai1="113,126,106,87,114,81,45,93,122,50,37,115,46" hai2="71,10,78,89,123,110,65,121,33,119,61,7,20" hai3="62,48,11,44,27,29,52,57,83,26,98,84,49"/><W80/><G98/><T118/><D69/><U73/><E122/><N who="2" m="46603" /><F119/><W96/><G96/><T76/><D32/><U67/><E106/><V60/><F110/><W102/><G102/><T108/><D40/><U22/><E126/><V116/><F116/><N who="0" m="44650" /><D76/><U25/><E73/><V95/><F33/><W132/><G132/><T16/><D112/><U17/><E93/><V133/><F133/><W94/><G48/><T85/><D59/><U130/><E130/><V124/><F124/><W41/><G11/><T68/><D68/><U92/><E92/><V21/><F61/><W24/><REACH who="3" step="1"/><G29/><REACH who="3" ten="271,219,201,299" step="2"/><T43/><D63/><U129/><E50/><V107/><F107/><W86/><G86/><T12/><D85/><U128/><E87/><N who="2" m="52671" /><F78/><W30/><G30/><T35/><D108/><U131/><E114/><V55/><F55/><W79/><G79/><T134/><D134/><U105/><E115/><V31/><F31/><W19/><G19/><T99/><D109/><U54/><E113/><V100/><F100/><W23/><G23/><T120/><D18/><U56/><E17/><V66/><F66/><W53/><G53/><T88/><D120/><U58/><E54/><V70/><F70/><W77/><G77/><T47/><D99/><U104/><E128/><V82/><F21/><W111/><G111/><T9/><D35/><U72/><E22/><V97/><F20/><W64/><G64/><T38/><D16/><U2/><E67/><V1/><F97/><W74/><G74/><T28/><D28/><U34/><E131/><V6/><F65/><W14/><G14/><T135/><D135/><RYUUKYOKU ba="0,1" sc="271,15,219,-15,201,-15,299,15" hai0="4,5,9,12,38,43,47,88,90,91" hai3="24,26,27,41,44,49,52,57,62,80,83,84,94" /><INIT seed="3,1,1,4,1,53" ten="286,204,186,314" oya="3" hai0="98,63,17,55,54,9,91,113,0,65,57,128,78" hai1="44,108,4,64,77,42,135,51,5,99,43,20,90" hai2="72,37,45,105,126,68,95,86,119,32,24,60,81" hai3="31,18,50,56,23,59,40,134,85,112,67,96,61"/><W47/><G112/><T115/><D78/><U121/><E121/><V33/><F95/><W16/><G134/><T129/><D98/><U127/><E135/><V34/><F86/><W101/><G85/><T29/><D29/><U41/><E108/><V27/><F119/><W120/><G59/><N who="0" m="37119" /><D91/><U46/><E77/><V6/><F126/><W73/><G73/><T19/><D55/><U3/><E127/><V70/><F6/><W52/><G40/><T14/><D17/><U62/><E20/><V39/><F60/><W8/><G8/><T110/><D0/><U125/><E125/><V106/><F45/><W48/><G48/><N who="0" m="30919" /><D110/><U97/><E3/><V131/><F131/><AGARI ba="1,1" hai="9,14,19,113,115,128,129,131" m="30919,37119" machi="131" ten="30,3900,0" yaku="19,1,52,2" doraHai="53" who="0" fromWho="2" sc="286,52,204,0,186,-42,314,0" /><INIT seed="4,0,0,1,2,62" ten="338,204,144,314" oya="0" hai0="61,64,87,24,15,29,113,20,117,1,99,133,135" hai1="59,37,10,33,74,50,43,57,90,6,2,51,73" hai2="63,56,3,17,9,89,40,95,111,114,36,81,44" hai3="72,93,23,30,34,71,131,55,88,49,129,0,132"/><T66/><D1/><U79/><E33/><V127/><F111/><W8/><G71/><T31/><D117/><U38/><E90/><V39/><F114/><W42/><G34/><T70/><D113/><U122/><E122/><V102/><F127/><W110/><G72/><T112/><D112/><U109/><E109/><V69/><F81/><W100/><G110/><T123/><D123/><U115/><E115/><V96/><F69/><W26/><G100/><T12/><D31/><U97/><E97/><V60/><F63/><W11/><G42/><T52/><D64/><U119/><E119/><V53/><F3/><W45/><G132/><N who="0" m="50763" /><D87/><U103/><E103/><V76/><F76/><W107/><G107/><T47/><D99/><U22/><E22/><V41/><F102/><W92/><G92/><T4/><D4/><U13/><E13/><V106/><F106/><W19/><G30/><T78/><D78/><U35/><E35/><V48/><F40/><W16/><G19/><T7/><D7/><U124/><E124/><V120/><F120/><W130/><G0/><T28/><D28/><U21/><E79/><V91/><F89/><W80/><G80/><T77/><D77/><U105/><E105/><V75/><F75/><W83/><G83/><T85/><D85/><AGARI ba="0,0" hai="8,11,16,23,26,45,49,55,85,88,93,129,130,131" machi="85" ten="40,5200,0" yaku="19,1,54,2" doraHai="62" who="3" fromWho="0" sc="338,-52,204,0,144,0,314,52" /><INIT seed="5,0,0,5,4,81" ten="286,204,144,366" oya="1" hai0="65,74,70,95,25,78,5,86,32,46,71,30,58" hai1="88,7,52,1,83,17,4,50,87,0,100,39,22" hai2="90,62,116,129,119,72,21,41,3,131,55,91,33" hai3="135,92,105,48,23,13,9,20,61,75,29,130,37"/><U102/><E39/><V43/><F33/><W63/><G37/><T76/><D74/><U8/><E0/><V6/><F21/><W47/><G105/><T111/><D111/><U45/><E7/><V69/><F6/><W117/><G75/><T44/><D5/><U84/><E84/><V15/><F72/><W101/><G130/><N who="2" m="49673" /><F3/><W34/><G135/><T14/><D14/><AGARI ba="0,0" hai="1,4,8,14,17,22,45,50,52,83,87,88,100,102" machi="14" ten="30,11600,0" yaku="7,1,52,1,54,2" doraHai="81" who="1" fromWho="0" sc="286,-116,204,116,144,0,366,0" /><INIT seed="5,1,0,4,5,82" ten="170,320,144,366" oya="1" hai0="114,132,58,14,95,108,103,109,119,32,105,94,12" hai1="57,61,0,40,30,116,131,125,120,134,48,104,35" hai2="74,124,39,36,127,135,1,66,9,83,99,45,123" hai3="53,64,25,31,18,27,24,73,8,4,33,133,62"/><U87/><E104/><V85/><F123/><W41/><G73/><T128/><D32/><U86/><E0/><V112/><F66/><W88/><G41/><T113/><D119/><U20/><E35/><V50/><F135/><W93/><G53/><T13/><D132/><U2/><E2/><V11/><F74/><W70/><G18/><T89/><D128/><U54/><E134/><V5/><F11/><W101/><G101/><T81/><D81/><U7/><E7/><V34/><F99/><W102/><G102/><T72/><D72/><U77/><E77/><N who="2" m="46319" /><F34/><W97/><G133/><T78/><D78/><U59/><E120/><V75/><F112/><N who="0" m="43114" /><D58/><U29/><E116/><V106/><F106/><W110/><G110/><N who="0" m="42603" /><D89/><U76/><E76/><V79/><F79/><W90/><G90/><T80/><D80/><U23/><E131/><V96/><F75/><W111/><G111/><T52/><D52/><N who="1" m="34023" /><E40/><N who="2" m="24871" /><F96/><AGARI ba="1,0" hai="12,13,14,94,95,96,103,105" m="42603,43114" machi="96" ten="40,1300,0" yaku="15,1" doraHai="82" who="0" fromWho="2" sc="170,16,320,0,144,-16,366,0" /><INIT seed="6,0,0,3,1,69" ten="186,320,128,366" oya="2" hai0="74,3,23,127,89,86,111,14,41,118,19,26,83" hai1="78,15,7,82,10,95,121,20,96,30,13,62,21" hai2="22,113,106,130,135,100,48,85,57,11,34,99,24" hai3="131,0,116,4,68,84,92,55,93,122,110,123,8"/><V37/><F34/><W12/><G68/><T56/><D3/><U108/><E108/><V133/><F113/><W72/><G72/><T50/><D111/><U94/><E121/><V76/><F130/><W40/><G110/><T43/><D127/><U49/><E62/><V45/><F11/><W61/><G116/><T101/><D118/><U119/><E119/><V125/><F125/><W114/><G40/><T39/><D74/><U117/><E117/><V29/><F57/><W32/><G32/><T18/><D39/><U28/><E49/><V2/><F2/><W128/><G114/><T58/><D101/><U46/><E46/><V9/><F9/><W88/><G93/><T87/><D87/><U31/><E15/><V67/><F67/><W6/><G6/><T109/><D109/><U66/><E66/><V104/><F106/><W60/><G0/><T33/><D33/><U27/><E21/><V51/><F37/><W36/><G36/><T25/><D25/><U1/><E1/><V70/><F70/><W17/><G4/><T105/><D105/><U103/><REACH who="1" step="1"/><E95/><REACH who="1" ten="186,310,128,366" step="2"/><V53/><REACH who="2" step="1"/><F51/><REACH who="2" ten="186,310,118,366" step="2"/><W102/><G131/><T64/><D64/><U77/><E77/><V16/><F16/><W124/><G128/><T134/><D50/><U80/><E80/><AGARI ba="0,2" hai="22,24,29,45,48,53,76,80,85,99,100,104,133,135" machi="80" ten="40,2000,0" yaku="1,1,53,0" doraHai="69" doraHaiUra="126" who="2" fromWho="1" sc="186,0,310,-20,118,40,366,0" /><INIT seed="6,1,0,1,1,71" ten="186,290,158,366" oya="2" hai0="34,135,44,88,8,40,104,94,48,107,55,133,99" hai1="134,7,66,11,35,53,84,4,110,112,75,97,14" hai2="18,111,58,118,93,92,72,109,46,91,64,56,126" hai3="119,131,39,127,113,79,62,122,70,98,32,50,114"/><V20/><F118/><W12/><G39/><T45/><D34/><U30/><E75/><V125/><F72/><W13/><G32/><T82/><D8/><U90/><E110/><N who="2" m="41995" /><F64/><N who="3" m="41239" /><G119/><T132/><REACH who="0" step="1"/><D82/><REACH who="0" ten="176,290,158,366" step="2"/><U83/><E35/><V10/><F10/><W41/><G122/><T96/><D96/><U43/><E97/><N who="2" m="57503" /><F93/><W129/><G98/><T23/><D23/><U51/><E11/><V102/><F102/><W60/><G129/><T123/><D123/><U49/><E4/><V29/><F29/><W115/><G131/><T120/><D120/><U9/><E7/><V38/><F20/><W59/><G115/><T31/><D31/><U128/><E9/><V81/><F81/><W28/><G114/><T89/><D89/><U63/><E83/><V54/><F18/><W73/><G28/><T86/><D86/><U95/><E84/><V25/><F25/><W15/><G73/><T19/><D19/><U103/><E112/><V61/><F58/><W16/><G59/><T27/><D27/><U76/><E128/><V6/><F6/><W100/><G16/><T108/><D108/><U68/><E30/><V26/><F26/><W47/><G113/><T101/><D101/><U87/><E103/><V85/><F85/><W69/><G100/><T5/><D5/><U106/><E87/><V105/><F105/><W74/><G74/><T3/><D3/><U33/><E106/><V17/><F17/><W77/><G77/><T36/><AGARI ba="1,1" hai="36,40,44,45,48,55,88,94,99,104,107,132,133,135" machi="36" ten="30,8000,1" yaku="1,1,0,1,20,1,52,1,54,1,53,0" doraHai="71" doraHaiUra="121" who="0" fromWho="0" sc="176,93,290,-21,158,-41,366,-21" /><INIT seed="7,0,0,3,2,77" ten="269,269,117,345" oya="3" hai0="66,12,91,98,67,56,5,108,117,88,34,82,90" hai1="42,106,14,70,122,15,89,29,71,20,55,57,30" hai2="133,61,116,10,3,9,36,115,99,18,73,7,127" hai3="16,37,121,54,40,97,112,28,11,78,44,93,6"/><W31/><G121/><T24/><D117/><U96/><E122/><V118/><F99/><W23/><G112/><T2/><D2/><U58/><E42/><V65/><F18/><W101/><G78/><T47/><D108/><U103/><E71/><V109/><F61/><W72/><G72/><T126/><D126/><U62/><E70/><V102/><F102/><W8/><G54/><T135/><D135/><U120/><E120/><V86/><F86/><W68/><G68/><T104/><D47/><U22/><E89/><V69/><F65/><W64/><G64/><T53/><D104/><U45/><E45/><V85/><F85/><W32/><G32/><T84/><D24/><U43/><E43/><V33/><F33/><W38/><BYE who="2" /><G38/><T13/><D34/><U41/><E41/><V51/><F51/><N who="3" m="27015" /><G6/><T92/><D90/><U134/><E134/><V35/><F35/><W81/><G37/><T25/><D25/><U1/><E1/><V4/><F4/><W100/><G100/><T105/><D105/><UN n2="%45%46%46%59" /><U125/><E125/><V48/><F48/><W87/><G28/><N who="1" m="10858" /><E58/><V119/><F119/><W52/><BYE who="2" /><G31/><T83/><D83/><U76/><E76/><V46/><F46/><W111/><G111/><T80/><D80/><U60/><E60/><V75/><F75/><W17/><G81/><T50/><D13/><N who="1" m="4619" /><E106/><UN n2="%45%46%46%59" /><V0/><F0/><W95/><BYE who="2" /><G101/><T107/><D107/><U49/><E62/><V74/><F74/><W26/><G97/><T113/><D113/><U110/><E110/><V59/><F59/><W132/><G132/><T114/><D114/><RYUUKYOKU ba="0,0" sc="269,15,269,15,117,-15,345,-15" hai0="5,12,50,53,56,66,67,82,84,88,91,92,98" hai1="20,22,49,55,57,96,103" owari="284,8.0,284,-12.0,102,-40.0,330,44.0" /></mjloggm>