<mjloggm ver="2.3"><GO type="169" lobby="0"/><UN n0="%74%6E%66%73%68%32%30%34" n1="%E5%84%84%E4%B8%87%E7%AC%91%E8%80%85" n2="%6B%6F%62%6F%7A%32" n3="%6D%61%6B%61%2D%70%75" dan="17,16,16,16" rate="2166.96,2090.27,2175.35,2131.57" sx="M,M,M,M"/><TAIKYOKU oya="0"/><INIT seed="0,0,0,4,4,74" ten="250,250,250,250" oya="0" hai0="27,38,104,82,83,97,76,101,13,67,120,71,44" hai1="130,7,61,62,19,127,60,69,17,37,106,64,125" hai2="99,77,79,132,75,89,92,4,2,11,5,6,46" hai3="94,50,35,73,113,33,86,102,100,88,34,80,128"/><T87/><D120/><U107/><E37/><V51/><F132/><W28/><G113/><T105/><D105/><N who="1" m="39947" /><E7/><V47/><F47/><W3/><G3/><T55/><D13/><U45/><E45/><V14/><F75/><W18/><G128/><T65/><D71/><U52/><E130/><V134/><F134/><W96/><G73/><T58/><D82/><U91/><E91/><V122/><F122/><W53/><G18/><N who="1" m="6666" /><E69/><V72/><F72/><W126/><G126/><N who="1" m="48138" /><E64/><V110/><F110/><W115/><G115/><T63/><REACH who="0" step="1"/><D27/><REACH who="0" ten="240,250,250,250" step="2"/><U123/><E123/><V30/><F2/><W109/><G109/><T81/><D81/><U8/><E8/><V54/><F30/><W31/><REACH who="3" step="1"/><G102/><REACH who="3" ten="240,250,250,240" step="2"/><T0/><D0/><U59/><AGARI ba="0,2" hai="52,59,60,61,62" m="48138,6666,39947" machi="59" ten="40,2700,0" yaku="18,1,54,1" doraHai="74" who="1" fromWho="1" sc="240,-13,250,47,250,-7,240,-7" /><INIT seed="1,0,0,2,0,81" ten="227,297,243,233" oya="1" hai0="117,64,84,89,17,104,14,59,10,111,47,113,18" hai1="0,25,50,93,32,38,124,53,97,67,95,41,130" hai2="125,83,42,54,109,101,15,46,57,105,107,7,128" hai3="108,19,91,13,9,85,6,103,68,56,51,20,27"/><U96/><E0/><V66/><F128/><W31/><G108/><T23/><D111/><U100/><E130/><V58/><F109/><W33/><G68/><T37/><D113/><U72/><E72/><V88/><F125/><W39/><G39/><T127/><D127/><U44/><E124/><V63/><F101/><W73/><G73/><T71/><D71/><U92/><E67/><V116/><F116/><W35/><G103/><T2/><D117/><U62/><E62/><V45/><F107/><W29/><G35/><T132/><D104/><U82/><E82/><V122/><F105/><W86/><G31/><T26/><D2/><U49/><E93/><V55/><F122/><W126/><G126/><T65/><D132/><U135/><E135/><V129/><F129/><W60/><G51/><T79/><D79/><U78/><E78/><V5/><F15/><W74/><G91/><T61/><D37/><U106/><E106/><V133/><F42/><W121/><G74/><T40/><D40/><U112/><E112/><V8/><F8/><W76/><G76/><T134/><D47/><N who="2" m="17930" /><F66/><N who="3" m="39175" /><G121/><T69/><D134/><U114/><E114/><V77/><F77/><W102/><G102/><T4/><D69/><U43/><E38/><V70/><F70/><W99/><G99/><T94/><REACH who="0" step="1"/><D64/><REACH who="0" ten="217,297,243,233" step="2"/><U16/><E43/><V28/><F133/><W98/><G98/><T115/><D115/><U34/><E97/><V12/><F55/><W36/><G36/><T11/><D11/><U118/><E41/><V30/><F54/><W87/><G9/><T1/><D1/><U80/><E53/><RYUUKYOKU ba="0,1" sc="217,15,297,-15,243,-15,233,15" hai0="4,10,14,17,18,23,26,59,61,65,84,89,94" hai3="6,13,19,20,27,29,33,85,86,87" /><INIT seed="2,1,1,0,5,57" ten="232,282,228,248" oya="2" hai0="135,4,33,73,31,17,63,80,102,18,9,134,101" hai1="109,128,14,3,71,43,30,87,90,125,40,85,119" hai2="105,66,35,120,78,77,60,113,124,37,54,53,32" hai3="6,114,46,0,111,127,24,116,68,72,64,130,44"/><V70/><F105/><W41/><G72/><T103/><D33/><U81/><E119/><V28/><F120/><W20/><G116/><T48/><D31/><U61/><E3/><V91/><F113/><W129/><G114/><T132/><D48/><U98/><E109/><V86/><F124/><W26/><G111/><T84/><D73/><U2/><E2/><V83/><F37/><W92/><G127/><T133/><N who="0" m="33792" /><DORA hai="65" /><T36/><D36/><U106/><E125/><V118/><F118/><W62/><G92/><T75/><D75/><U67/><E128/><N who="3" m="49258" /><G20/><T49/><D49/><U52/><E30/><V108/><F108/><W123/><G123/><T5/><D63/><U10/><E106/><V7/><F7/><N who="0" m="2634" /><D9/><U88/><E98/><V117/><F117/><W93/><G46/><T112/><D112/><U94/><E52/><V82/><F35/><W104/><G104/><T110/><D110/><U55/><E55/><V74/><REACH who="2" step="1"/><F77/><AGARI ba="1,1" hai="17,18,77,80,84,101,102,103" m="2634,33792" machi="77" ten="60,2000,0" yaku="20,1" doraHai="57,65" who="0" fromWho="2" sc="232,33,282,0,228,-23,248,0" /><INIT seed="3,0,0,1,4,113" ten="265,282,205,248" oya="3" hai0="76,110,87,124,45,84,98,79,127,111,33,132,23" hai1="75,131,52,62,60,93,108,11,133,85,53,89,51" hai2="73,130,47,107,18,24,25,90,126,10,27,109,70" hai3="81,20,119,4,30,31,112,103,59,125,116,71,66"/><W50/><G112/><T57/><D33/><U54/><E75/><V114/><F73/><W14/><G71/><T96/><D45/><U122/><E122/><V129/><F107/><W118/><G125/><T19/><D57/><U94/><E108/><N who="0" m="41513" /><D132/><U21/><E133/><V15/><F70/><W77/><G103/><T58/><D58/><U78/><E131/><V44/><F109/><W97/><G97/><N who="0" m="37483" /><D23/><U41/><E78/><N who="0" m="29737" /><D19/><U74/><E74/><V46/><F114/><W99/><G99/><T101/><D101/><U86/><E11/><V49/><F49/><W82/><G4/><T3/><D3/><U115/><E115/><V22/><F126/><AGARI ba="0,0" hai="84,87,124,126,127" m="29737,37483,41513" machi="126" ten="40,12000,2" yaku="28,2,18,1,14,1,34,2" doraHai="113" who="0" fromWho="2" sc="265,120,282,0,205,-120,248,0" /><INIT seed="4,0,0,3,1,111" ten="385,282,85,248" oya="0" hai0="12,122,106,109,95,71,66,38,30,81,72,14,121" hai1="133,13,15,115,127,108,76,18,16,64,59,86,27" hai2="35,53,17,124,112,23,89,28,33,96,34,57,21" hai3="29,41,131,10,126,119,62,116,70,49,79,128,114"/><T134/><D106/><U102/><E108/><V83/><F124/><W65/><G126/><T37/><D109/><U90/><E127/><V101/><F28/><W24/><G79/><T22/><D134/><U43/><E133/><V55/><F83/><W92/><G92/><T60/><D95/><U73/><E73/><V40/><F40/><W52/><G10/><T135/><D135/><U85/><E43/><V61/><F53/><W56/><G114/><T118/><D118/><U26/><E102/><V69/><F69/><W120/><G120/><T31/><D22/><U107/><E107/><V58/><F58/><W94/><G94/><T67/><D81/><U113/><E76/><V84/><F89/><W93/><G93/><T99/><D60/><U125/><E125/><V88/><F112/><N who="1" m="43081" /><E64/><V0/><F0/><W5/><G5/><T19/><D71/><U77/><E77/><V48/><F101/><W75/><G75/><T2/><D72/><U130/><E130/><N who="3" m="49706" /><G41/><T44/><D99/><U110/><E110/><V1/><F96/><W100/><G100/><T36/><D66/><U47/><E47/><V4/><F88/><W54/><G54/><T105/><D44/><U9/><E59/><V45/><F84/><N who="1" m="32361" /><E90/><V32/><F45/><N who="3" m="27695" /><G70/><T46/><D67/><U20/><AGARI ba="0,0" hai="9,13,15,16,18,20,26,27" m="32361,43081" machi="20" ten="30,12000,2" yaku="15,1,11,1,52,3,54,1" doraHai="111" who="1" fromWho="1" sc="385,-60,282,120,85,-30,248,-30" /><INIT seed="5,0,0,2,0,6" ten="325,402,55,218" oya="1" hai0="0,123,19,114,20,99,116,100,17,4,69,31,115" hai1="80,85,14,1,60,67,34,24,22,71,53,65,103" hai2="68,38,47,40,10,107,118,90,120,98,46,102,44" hai3="130,61,125,26,33,2,108,113,57,126,86,111,25"/><U101/><E34/><V15/><F120/><W7/><G113/><N who="0" m="43019" /><D69/><U55/><E1/><V11/><F118/><W51/><G130/><T30/><D116/><U95/><E65/><V124/><F124/><N who="3" m="47723" /><G51/><T133/><D123/><U42/><E42/><V32/><F32/><W12/><G86/><T27/><D133/><U21/><E55/><V37/><F68/><W35/><G2/><T8/><D99/><U73/><E73/><V62/><F62/><W29/><G61/><T105/><D100/><U64/><E64/><V127/><F127/><W76/><G76/><T9/><D105/><U3/><E3/><V93/><F15/><AGARI ba="0,0" hai="0,4,8,9,15,17,19,20,27,30,31" m="43019" machi="15" ten="30,8000,1" yaku="15,1,34,2,52,2" doraHai="6" who="0" fromWho="2" sc="325,80,402,0,55,-80,218,0" owari="405,51.0,402,20.0,-25,-53.0,218,-18.0" /></mjloggm>