<mjloggm ver="2.3"><GO type="169" lobby="0"/><UN n0="%63%6F%62%65%68%6F%70%65" n1="%43%6C%69%6F" n2="%3D%E5%9C%92%E5%9F%8E%E5%AF%BA%E6%80%9C%3D" n3="%E3%81%B5%E3%81%BF%4B%55%4E" dan="16,16,17,16" rate="2158.95,2040.88,2176.53,2081.31" sx="M,M,F,M"/><TAIKYOKU oya="0"/><INIT seed="0,0,0,1,0,26" ten="250,250,250,250" oya="0" hai0="92,104,97,100,60,106,87,41,39,108,12,126,15" hai1="93,102,7,86,118,128,9,90,18,83,134,127,8" hai2="71,27,24,116,49,43,80,119,74,123,88,53,55" hai3="35,16,120,122,19,114,117,110,31,11,79,45,52"/><T51/><D39/><U42/><E118/><N who="2" m="45099" /><F71/><W133/><G114/><T34/><D34/><U70/><E70/><V25/><F74/><W47/><G117/><T107/><D126/><U115/><E127/><V33/><F123/><N who="3" m="47147" /><G110/><T20/><D108/><U67/><E67/><V96/><F43/><W73/><G11/><T105/><D60/><U95/><E115/><V63/><F63/><W44/><G133/><T91/><D20/><U98/><E128/><V6/><F6/><W0/><G0/><T78/><D78/><U64/><E64/><V59/><F53/><W84/><G73/><T113/><D113/><U40/><E134/><V54/><F54/><W62/><G84/><T37/><REACH who="0" step="1"/><D51/><REACH who="0" ten="240,250,250,250" step="2"/><U131/><E131/><V10/><F10/><W101/><G79/><T46/><AGARI ba="0,1" hai="12,15,37,41,46,87,91,92,97,100,104,105,106,107" machi="46" ten="40,7800,0" yaku="1,1,2,1,0,1,53,0" doraHai="26" doraHaiUra="72" who="0" fromWho="0" sc="240,88,250,-26,250,-26,250,-26" /><INIT seed="0,1,0,2,3,123" ten="328,224,224,224" oya="0" hai0="93,101,85,17,76,58,130,0,14,61,82,52,31" hai1="48,126,91,133,19,24,53,78,59,77,117,8,102" hai2="7,118,84,134,128,68,50,26,106,15,97,120,125" hai3="90,16,4,27,11,55,92,34,103,45,22,32,109"/><T110/><D0/><U42/><E117/><V86/><F68/><W124/><G124/><T114/><D114/><U37/><E126/><V36/><F36/><W105/><G105/><T74/><D130/><U2/><E102/><V1/><F1/><W20/><G103/><T75/><D31/><U104/><E104/><V135/><F120/><W66/><G66/><T40/><D40/><U39/><E133/><V57/><F118/><W100/><G100/><T121/><D121/><U30/><E39/><V49/><F128/><W99/><G20/><T64/><D64/><U94/><E37/><V3/><F3/><W23/><G23/><T129/><D129/><U41/><E2/><V107/><F107/><W81/><G81/><T112/><D112/><U65/><E65/><V72/><F72/><W70/><G70/><T127/><D127/><U18/><E30/><V33/><F33/><W79/><G79/><N who="1" m="30218" /><E24/><V96/><F106/><W29/><G55/><T6/><D6/><U132/><E132/><V21/><F125/><W67/><G67/><T71/><D71/><U111/><E18/><V47/><F134/><W9/><G45/><T73/><D101/><U46/><E46/><V115/><F115/><W5/><G5/><T98/><D98/><N who="1" m="57695" /><E42/><V35/><F35/><N who="3" m="13355" /><G29/><T10/><REACH who="0" step="1"/><D93/><REACH who="0" ten="318,224,224,224" step="2"/><U116/><E41/><N who="2" m="24815" /><F135/><W54/><G4/><T63/><D63/><U51/><E116/><V88/><F96/><W89/><G99/><T95/><D95/><U28/><E28/><N who="2" m="17487" /><F97/><W80/><G92/><T25/><D25/><U60/><E60/><V87/><F7/><W38/><G27/><RYUUKYOKU ba="1,1" sc="318,30,224,-10,224,-10,224,-10" hai0="10,14,17,52,58,61,73,74,75,76,82,85,110" /><INIT seed="0,2,1,3,5,95" ten="348,214,214,214" oya="0" hai0="110,28,117,19,75,98,21,39,13,78,45,3,1" hai1="61,32,68,126,60,131,27,7,59,77,134,5,128" hai2="102,114,82,48,115,70,40,51,121,46,50,20,127" hai3="124,94,23,92,113,62,41,36,25,54,133,89,29"/><T22/><D117/><U129/><E68/><V42/><F121/><W97/><G113/><T64/><D64/><U57/><E77/><V10/><F70/><W107/><G124/><T88/><D75/><U91/><E32/><V109/><F109/><W56/><G133/><T100/><D78/><U99/><E27/><V66/><F66/><W63/><G107/><T44/><D110/><U74/><E74/><V31/><F82/><W112/><G112/><T8/><D39/><U73/><E73/><V52/><F127/><W90/><G41/><T79/><D79/><U103/><E126/><V132/><F132/><W17/><G36/><T83/><D3/><U11/><E91/><V18/><F31/><W4/><G4/><N who="1" m="1610" /><E11/><V135/><F10/><W125/><G125/><T106/><D1/><U49/><E134/><V87/><F135/><W120/><G120/><T93/><D28/><U123/><E123/><V130/><F40/><W122/><G122/><T80/><D106/><N who="1" m="63871" /><E57/><V0/><F0/><W2/><G2/><T9/><D9/><U35/><E35/><V101/><F42/><W119/><G119/><T76/><D76/><U111/><E111/><V37/><F37/><W12/><G12/><T85/><D80/><U6/><N who="1" m="1618" /><U15/><DORA hai="26" /><E15/><V86/><F114/><W116/><G116/><T71/><D71/><U38/><E38/><V104/><F104/><W65/><G29/><T34/><D34/><U105/><E105/><V16/><F115/><W81/><G81/><T53/><D45/><U14/><E14/><V58/><F46/><W118/><G118/><RYUUKYOKU ba="2,1" sc="348,15,214,15,214,-15,214,-15" hai0="8,13,19,21,22,44,53,83,85,88,93,98,100" hai1="49,59,60,61,128,129,131" /><INIT seed="0,3,1,1,2,121" ten="363,229,199,199" oya="0" hai0="93,31,58,60,123,77,114,32,50,95,103,125,98" hai1="51,34,44,12,24,113,130,23,2,132,78,17,70" hai2="69,21,63,126,66,67,16,36,59,99,56,4,10" hai3="96,119,120,48,62,29,82,8,79,107,65,76,27"/><T129/><D114/><U11/><E70/><V92/><F36/><W6/><G119/><T55/><D123/><U134/><E113/><V35/><F35/><W101/><G120/><T41/><D125/><U15/><E78/><V30/><F30/><W106/><G48/><T37/><D129/><U111/><E130/><V133/><F133/><N who="1" m="51305" /><E44/><V115/><F66/><W22/><G107/><T91/><D77/><U108/><E51/><V13/><F126/><W75/><G79/><T46/><D32/><U72/><E72/><V112/><F112/><W80/><G80/><T87/><D31/><N who="1" m="19815" /><E2/><V25/><REACH who="2" step="1"/><F115/><REACH who="2" ten="363,229,189,199" step="2"/><W20/><G65/><T19/><D37/><U73/><E73/><V90/><AGARI ba="3,2" hai="4,10,13,16,21,25,56,59,63,67,69,90,92,99" machi="90" ten="20,12000,2" yaku="1,1,2,1,0,1,7,1,54,1,53,1" doraHai="121" doraHaiUra="88" who="2" fromWho="2" sc="363,-63,229,-33,189,149,199,-33" /><INIT seed="1,0,0,4,3,104" ten="300,196,338,166" oya="1" hai0="17,60,63,50,129,84,18,34,10,117,132,122,109" hai1="3,71,103,32,72,135,0,47,124,19,23,8,115" hai2="98,112,90,107,113,120,11,134,15,130,74,16,83" hai3="13,102,59,88,2,57,81,6,128,43,39,27,79"/><U91/><E115/><N who="2" m="44107" /><F120/><W99/><G128/><T121/><D129/><U82/><E71/><V53/><F130/><W78/><G2/><T127/><D34/><U12/><E124/><V70/><F70/><W24/><G78/><T38/><D38/><U106/><E135/><V111/><F111/><W44/><G6/><T37/><D109/><U42/><E32/><V77/><F134/><W110/><G13/><T7/><D37/><U61/><E61/><V64/><F64/><W25/><G110/><T93/><D117/><U14/><E103/><N who="2" m="62967" /><F53/><W20/><G20/><T35/><D35/><U49/><E106/><V95/><F95/><W101/><G101/><T21/><D50/><U87/><REACH who="1" step="1"/><E72/><REACH who="1" ten="300,186,338,166" step="2"/><N who="2" m="43431" /><F90/><W28/><G88/><N who="0" m="53383" /><D127/><U67/><E67/><V80/><F80/><W65/><G65/><T131/><D132/><U73/><E73/><AGARI ba="0,1" hai="11,15,16,73,74" m="43431,62967,44107" machi="73" ten="30,8000,1" yaku="11,1,52,3,54,1" doraHai="104" who="2" fromWho="1" sc="300,0,186,-80,338,90,166,0" /><INIT seed="2,0,0,1,2,24" ten="300,106,428,166" oya="2" hai0="7,18,40,57,91,14,124,106,96,50,135,4,107" hai1="70,39,63,42,59,109,58,45,73,126,114,66,3" hai2="79,6,130,115,127,88,132,72,28,26,49,43,123" hai3="52,2,51,110,61,83,134,13,119,78,29,77,1"/><V89/><F115/><W131/><G119/><T68/><D68/><U44/><E73/><V65/><F123/><W27/><G110/><T32/><D32/><U54/><E3/><V15/><F65/><W87/><G131/><T56/><D107/><U82/><E114/><V23/><F127/><W122/><G122/><T74/><D74/><U118/><E82/><V21/><F132/><W38/><G38/><T95/><D106/><U46/><E118/><V33/><F33/><W36/><G36/><T129/><D129/><U92/><E109/><V116/><F116/><W60/><G13/><T75/><D75/><U105/><E105/><V22/><F79/><W100/><G100/><T101/><D101/><U8/><E8/><N who="2" m="4503" /><F72/><W104/><G104/><T11/><D135/><U86/><E126/><V133/><F133/><W111/><G111/><T47/><D124/><U125/><E125/><V103/><F103/><W69/><G78/><T25/><D25/><U97/><E86/><V112/><F112/><W62/><G69/><T85/><D85/><U48/><E92/><V108/><F108/><W71/><G71/><T30/><D30/><U99/><E99/><V117/><F117/><W84/><G84/><T98/><D96/><U34/><E97/><V121/><F121/><W64/><G64/><T16/><D7/><U12/><E34/><V0/><F0/><W5/><G5/><T102/><D102/><U67/><E12/><V93/><F130/><W120/><G134/><T81/><D81/><U94/><E94/><V80/><F80/><W90/><G83/><T76/><D76/><RYUUKYOKU ba="0,0" sc="300,15,106,15,428,-15,166,-15" hai0="4,11,14,16,18,40,47,50,56,57,91,95,98" hai1="39,42,44,45,46,48,54,58,59,63,66,67,70" /><INIT seed="3,1,0,3,1,89" ten="315,121,413,151" oya="3" hai0="95,68,52,90,61,53,83,65,4,63,3,0,5" hai1="25,62,103,36,110,75,57,91,45,10,41,129,88" hai2="43,7,56,102,94,111,131,125,121,12,58,134,27" hai3="96,60,42,87,20,64,119,22,99,1,120,79,71"/><W115/><G119/><T85/><D3/><U118/><E118/><V54/><F111/><W100/><G120/><T55/><D0/><U84/><E110/><V82/><F125/><W98/><G1/><T97/><REACH who="0" step="1"/><D63/><REACH who="0" ten="305,121,413,151" step="2"/><U13/><E129/><V39/><F131/><W81/><G115/><T38/><D38/><U80/><E75/><V74/><F39/><W126/><G126/><T47/><D47/><U17/><E25/><V35/><F27/><W122/><G122/><T116/><D116/><U104/><E104/><V72/><F72/><W44/><REACH who="3" step="1"/><G100/><AGARI ba="1,1" hai="4,5,52,53,55,61,65,68,83,85,90,95,97,100" machi="100" ten="40,8000,1" yaku="1,1,52,1,54,1,53,1" doraHai="89" doraHaiUra="76" who="0" fromWho="3" sc="305,93,121,0,413,0,151,-83" /><INIT seed="4,0,0,5,0,5" ten="398,121,413,68" oya="0" hai0="53,87,97,91,56,81,27,128,120,65,109,47,70" hai1="122,12,104,106,25,105,89,102,62,26,64,96,84" hai2="85,66,6,132,98,131,129,29,108,124,127,30,2" hai3="51,39,88,58,69,134,117,99,63,54,130,13,94"/><T34/><D120/><U21/><E122/><V24/><F66/><W22/><G117/><T15/><D128/><N who="2" m="49226" /><F85/><W14/><G39/><T41/><D109/><U44/><E44/><V48/><F48/><W37/><G37/><T90/><D70/><U119/><E119/><V50/><F50/><W100/><G134/><T76/><D65/><U92/><E25/><V126/><F98/><W75/><G75/><T107/><D34/><U77/><E77/><V36/><F36/><W82/><G130/><T60/><D27/><U86/><E12/><V123/><F123/><W79/><G22/><T43/><D107/><U1/><E1/><V110/><F132/><W10/><G14/><T40/><D47/><U8/><E86/><V16/><F16/><N who="3" m="8247" /><G69/><T3/><D3/><U101/><E104/><V80/><F30/><W83/><G79/><T125/><D97/><U71/><E105/><V35/><F6/><W73/><G73/><T59/><D15/><U55/><E106/><V7/><F7/><W118/><G118/><T115/><D76/><U52/><E96/><V135/><F2/><W9/><G9/><T49/><D91/><U74/><E102/><V18/><F18/><W95/><G51/><T11/><D11/><U103/><E8/><V67/><F135/><W19/><G19/><T23/><D23/><U4/><E4/><V31/><F31/><W17/><G17/><T20/><D20/><U78/><E103/><V38/><F38/><W113/><G113/><T33/><D115/><U112/><E101/><V121/><F121/><W116/><G116/><T111/><D49/><RYUUKYOKU ba="0,0" sc="398,-10,121,-10,413,-10,68,30" hai3="54,58,63,82,83,88,94,95,99,100" /><INIT seed="5,1,0,3,5,81" ten="388,111,403,98" oya="1" hai0="96,45,14,42,133,29,40,52,73,72,26,115,22" hai1="102,123,47,15,28,63,53,132,50,65,91,44,12" hai2="39,69,25,125,23,68,80,109,38,18,32,21,74" hai3="93,8,49,0,64,90,2,86,98,24,114,99,88"/><U27/><E123/><V135/><F32/><W94/><G114/><T124/><D115/><U61/><E132/><V56/><F56/><W100/><G64/><T127/><D133/><U43/><E102/><V33/><F33/><W82/><G8/><T111/><D111/><U7/><E61/><V54/><F54/><W85/><G24/><T46/><D14/><U70/><E7/><V116/><F80/><W78/><G49/><N who="0" m="28727" /><D96/><U5/><E5/><V97/><F97/><W16/><REACH who="3" step="1"/><G16/><REACH who="3" ten="388,111,403,88" step="2"/><N who="0" m="12615" /><D42/><U3/><E28/><V103/><F25/><W75/><G75/><T112/><D29/><U107/><E27/><V17/><F74/><W122/><G122/><T101/><D112/><U131/><E65/><V20/><F135/><W13/><G13/><T35/><D35/><U31/><E15/><V119/><F21/><W83/><AGARI ba="1,1" hai="0,2,78,82,83,85,86,88,90,93,94,98,99,100" machi="83" ten="20,12000,2" yaku="1,1,0,1,7,1,52,2,54,1,53,0" doraHai="81" doraHaiUra="104" who="3" fromWho="3" sc="388,-31,111,-61,403,-31,88,133" /><INIT seed="6,0,0,1,4,85" ten="357,50,372,221" oya="2" hai0="127,122,54,91,94,59,68,31,71,34,9,39,19" hai1="119,10,117,28,113,79,104,115,36,84,83,100,103" hai2="132,44,74,77,66,87,33,25,11,101,41,98,81" hai3="90,14,49,61,135,123,27,110,53,42,2,46,88"/><V80/><F132/><W116/><G2/><T45/><D122/><U86/><E28/><V48/><F66/><W20/><G116/><N who="1" m="44618" /><E36/><V102/><F11/><W21/><G110/><T26/><D127/><U73/><E10/><V128/><F128/><W56/><G135/><T30/><D30/><U82/><E104/><V7/><F7/><W40/><G123/><T125/><D125/><U17/><E17/><V8/><F8/><W12/><G40/><T38/><D38/><U112/><E73/><V126/><F126/><W6/><G21/><T23/><D9/><U121/><E121/><V107/><F25/><W70/><G70/><T57/><D57/><U47/><E47/><V29/><F29/><N who="3" m="17639" /><G6/><T64/><D64/><U108/><E108/><V5/><F5/><W3/><G3/><T124/><D124/><U63/><E63/><V67/><F67/><W129/><G129/><T76/><D76/><U55/><E55/><V75/><F33/><W18/><G18/><T92/><D31/><U58/><E58/><V106/><F44/><W97/><G97/><N who="0" m="57503" /><D45/><U93/><E93/><V95/><F48/><W72/><G72/><T65/><D39/><U78/><AGARI ba="0,0" hai="78,79,82,83,84,86,100,103,112,113,115" m="44618" machi="78" ten="40,5200,0" yaku="15,1,34,2" doraHai="85" who="1" fromWho="1" sc="357,-13,50,52,372,-26,221,-13" /><INIT seed="7,0,0,2,3,32" ten="344,102,346,208" oya="3" hai0="74,45,69,41,73,85,118,122,116,16,52,48,33" hai1="51,26,57,101,114,87,113,38,49,13,30,94,20" hai2="90,99,10,70,129,83,86,96,22,76,43,31,97" hai3="37,36,125,81,117,18,25,54,5,56,77,19,2"/><W119/><G125/><T47/><D122/><U104/><E38/><V131/><F70/><W12/><G2/><T53/><D33/><U66/><E87/><V46/><F10/><W120/><G120/><T63/><D74/><U6/><E104/><V75/><F22/><W0/><G117/><T130/><D73/><U17/><E113/><V4/><F4/><W80/><G119/><T44/><D130/><N who="2" m="49674" /><F31/><W72/><G25/><T68/><D85/><U8/><E114/><V107/><F107/><W28/><G28/><T29/><D16/><U124/><E124/><V35/><F35/><W65/><G80/><T61/><D29/><U95/><E95/><N who="2" m="54743" /><F99/><W110/><G65/><N who="0" m="41007" /><D118/><U88/><E6/><V64/><F64/><W11/><G110/><T89/><D89/><U128/><E128/><V59/><F59/><W15/><G15/><T39/><D116/><U103/><E103/><V100/><F100/><W67/><G18/><T60/><D69/><U34/><E34/><V78/><F78/><W111/><G111/><T84/><D84/><U115/><E115/><V62/><F62/><N who="0" m="23594" /><D47/><U135/><E101/><V40/><F40/><AGARI ba="0,0" hai="39,40,41,44,45,48,52,53" m="23594,41007" machi="40" ten="30,12000,2" yaku="35,5,54,1" doraHai="32" who="0" fromWho="2" sc="344,120,102,0,346,-120,208,0" owari="464,56.0,102,-40.0,226,3.0,208,-19.0" /></mjloggm>