<mjloggm ver="2.3"><GO type="225" lobby="0"/><UN n0="%E5%A9%9A%E6%B4%BB%E7%94%9F%40%E5%B7%9D%E6%9D%91%E8%BB%8D%E5%9B%A3" n1="%E5%AE%89%E6%B2%B3%E5%86%85%E2%98%86%E7%BE%8E%E5%AD%90" n2="%E3%81%AA%E3%82%81%E3%81%93%E9%9B%80%E5%A3%AB" n3="%E4%B8%89%E6%9D%A1%E7%9C%9F%E7%90%B4" dan="17,16,16,18" rate="2243.90,2114.09,2166.83,2266.32" sx="M,F,M,F"/><TAIKYOKU oya="0"/><INIT seed="0,0,0,2,0,82" ten="250,250,250,250" oya="0" hai0="6,5,95,75,57,19,106,78,0,113,36,59,101" hai1="80,81,22,123,115,43,21,122,40,112,74,14,49" hai2="73,76,100,10,127,2,28,102,38,56,52,114,53" hai3="62,30,23,108,109,65,110,45,72,55,92,7,61"/><T11/><D113/><U131/><E49/><V47/><F114/><W34/><G34/><T96/><D36/><U41/><E41/><N who="2" m="22967" /><F28/><W132/><G72/><T12/><D5/><U35/><E14/><V46/><F127/><W26/><G132/><T129/><D129/><U44/><E44/><V16/><F16/><W93/><G7/><T116/><D116/><U135/><E35/><V17/><F17/><W29/><G29/><T15/><D0/><U9/><E9/><V3/><F3/><W111/><N who="3" m="27648" /><DORA hai="91" /><W8/><G8/><T130/><D130/><U117/><E131/><V70/><F70/><N who="3" m="42287" /><G45/><T105/><D78/><U94/><E74/><V98/><F46/><W128/><G128/><T13/><D75/><U33/><E33/><V20/><F76/><W99/><G99/><T42/><D42/><U119/><E135/><V103/><F98/><W18/><G30/><T32/><D32/><U85/><E85/><V88/><F73/><W126/><G126/><T125/><D125/><U31/><E31/><V60/><F2/><W133/><G133/><T39/><D39/><U24/><E24/><V48/><F10/><W67/><G55/><T37/><D37/><U86/><E86/><V107/><F20/><W87/><G87/><T25/><D25/><U104/><E104/><N who="0" m="40041" /><D13/><U97/><E97/><V69/><F107/><W68/><AGARI ba="0,0" hai="18,23,26,62,67,68,92,93" m="42287,27648" machi="68" ten="60,7900,0" yaku="14,1,52,2" doraHai="82,91" who="3" fromWho="3" sc="250,-39,250,-20,250,-20,250,79" /><INIT seed="1,0,0,1,3,119" ten="211,230,230,329" oya="1" hai0="92,132,118,83,43,107,128,105,115,98,93,52,95" hai1="71,122,60,125,53,135,97,127,79,111,73,74,113" hai2="70,63,8,78,85,69,64,80,9,2,1,130,46" hai3="45,3,49,121,133,102,34,21,20,26,15,44,22"/><U117/><E113/><V0/><F130/><W106/><G3/><T72/><D115/><U108/><E117/><V25/><F70/><W4/><G133/><T38/><D118/><U87/><E135/><V11/><F25/><W101/><G121/><T47/><D132/><U33/><E33/><V59/><F69/><W94/><G106/><T31/><D31/><U48/><E97/><V90/><REACH who="2" step="1"/><F46/><REACH who="2" ten="211,230,220,329" step="2"/><W36/><G45/><T5/><D128/><U96/><E71/><V32/><F32/><W112/><G34/><T116/><D116/><U65/><E125/><V68/><F68/><W103/><G26/><T99/><D99/><U66/><E96/><V28/><F28/><W86/><G112/><T120/><D120/><U10/><E127/><V82/><F82/><W30/><G30/><T75/><D98/><U14/><E122/><V84/><F84/><W57/><G86/><T50/><D72/><U7/><E87/><V13/><F13/><W104/><G44/><T19/><D75/><U17/><E74/><V88/><AGARI ba="0,1" hai="0,1,2,8,9,11,59,63,64,78,80,85,88,90" machi="88" ten="40,5200,0" yaku="1,1,0,1,54,1,53,0" doraHai="119" doraHaiUra="114" who="2" fromWho="2" sc="211,-13,230,-26,220,62,329,-13" /><INIT seed="2,0,0,4,3,87" ten="198,204,282,316" oya="2" hai0="27,111,123,75,108,81,68,2,125,34,42,104,47" hai1="49,126,76,36,70,51,45,135,83,101,119,64,91" hai2="122,128,63,77,50,57,66,78,132,118,33,29,74" hai3="120,32,20,54,99,109,53,72,103,105,131,93,39"/><V26/><F118/><W113/><G120/><T71/><D123/><U107/><E119/><V92/><F122/><W129/><G32/><T112/><D112/><U106/><E135/><V67/><F132/><W73/><G39/><N who="0" m="21983" /><D125/><U90/><E126/><V127/><F127/><W4/><G109/><N who="0" m="42059" /><D104/><U121/><E121/><V114/><F114/><W8/><G20/><T12/><D12/><U38/><E51/><V21/><F50/><W58/><G105/><T44/><D2/><U1/><E1/><V60/><F128/><N who="3" m="49227" /><G113/><T24/><D44/><U59/><E70/><N who="0" m="26665" /><D34/><U88/><E107/><V86/><F33/><W100/><G100/><T61/><D61/><U116/><E116/><V110/><F110/><W7/><G54/><T25/><D81/><U5/><E106/><V102/><F74/><AGARI ba="0,0" hai="24,25,27,74,75" m="26665,42059,21983" machi="74" ten="40,1300,0" yaku="14,1" doraHai="87" who="0" fromWho="2" sc="198,13,204,0,282,-13,316,0" /><INIT seed="3,0,0,0,0,135" ten="211,204,269,316" oya="3" hai0="124,66,70,113,32,18,91,109,51,37,101,52,11" hai1="34,60,97,16,84,13,132,7,96,108,12,53,133" hai2="93,75,131,42,43,80,121,125,44,64,79,134,54" hai3="114,41,78,83,47,76,8,89,111,95,20,107,115"/><W38/><G107/><T122/><D37/><U81/><E34/><V128/><F134/><N who="1" m="51817" /><E108/><V23/><F121/><W31/><G111/><T72/><D32/><U17/><E60/><V68/><F93/><W58/><G76/><T129/><D109/><U24/><E53/><V88/><F88/><W56/><G8/><T98/><D129/><U35/><E7/><V50/><F23/><W120/><G120/><T30/><D124/><U15/><E35/><V104/><F104/><W94/><G94/><T73/><D66/><U33/><E33/><V112/><F112/><W106/><G106/><T22/><D113/><U67/><E67/><V65/><F125/><W103/><G103/><T29/><D122/><U46/><E46/><V127/><F127/><W2/><G2/><T19/><D70/><U39/><E39/><V74/><F65/><W102/><G56/><N who="0" m="32799" /><D73/><U77/><E24/><V82/><F64/><W3/><G3/><T126/><D72/><U1/><E1/><V62/><F68/><W49/><G49/><T118/><D118/><U92/><E97/><V105/><F62/><W87/><G58/><T21/><D126/><U90/><AGARI ba="0,0" hai="12,13,15,16,17,77,81,84,90,92,96" m="51817" machi="90" ten="30,2000,0" yaku="20,1,54,1" doraHai="135" who="1" fromWho="1" sc="211,-5,204,20,269,-5,316,-10" owari="206,-29.0,224,-18.0,264,6.0,306,41.0" /></mjloggm>