<mjloggm ver="2.3"><GO type="169" lobby="0"/><UN n0="%E3%81%AF%E3%81%BF%E3%82%82%E3%82%93" n1="%53%74%65%69%6E%73" n2="%6D%69%6E%64%6D%61%70" n3="%E6%99%82%E5%9C%8B%E5%BC%A5%E5%A4%9C%E5%AD%90" dan="18,16,16,16" rate="2214.31,2161.41,2107.83,2055.57" sx="M,M,M,F"/><TAIKYOKU oya="0"/><INIT seed="0,0,0,3,2,82" ten="250,250,250,250" oya="0" hai0="89,8,114,106,81,133,16,7,120,57,93,39,97" hai1="65,118,60,124,32,36,48,62,10,95,74,80,90" hai2="53,71,73,108,77,83,72,52,104,18,68,112,55" hai3="6,13,102,135,123,119,30,131,15,76,132,88,66"/><T45/><D114/><U126/><E118/><V5/><F112/><W129/><G119/><T107/><D120/><U41/><E32/><V100/><F108/><W17/><G66/><T75/><D133/><U87/><E36/><V101/><F5/><W26/><G102/><T125/><D125/><N who="1" m="48235" /><E65/><V51/><F51/><W44/><G44/><T84/><D75/><U12/><E41/><V122/><F122/><W111/><G76/><T56/><D106/><U70/><E70/><V117/><F117/><W92/><G123/><T35/><D107/><U4/><E48/><V121/><F121/><W59/><G59/><T47/><D35/><U0/><E0/><V33/><F33/><N who="3" m="20695" /><G111/><T110/><D110/><U3/><E3/><V69/><F104/><W63/><G63/><T24/><D39/><U128/><E128/><N who="3" m="49226" /><G6/><T94/><D47/><U2/><E2/><V105/><F105/><W19/><G15/><N who="0" m="5535" /><D45/><U113/><E113/><V27/><F73/><W115/><G115/><T58/><D97/><N who="1" m="57591" /><E74/><V78/><F78/><AGARI ba="0,0" hai="4,10,12,60,62,78,80,87" m="57591,48235" machi="78" ten="30,2000,0" yaku="18,1,52,1" doraHai="82" who="1" fromWho="2" sc="250,0,250,20,250,-20,250,0" /><INIT seed="1,0,0,2,5,133" ten="250,270,230,250" oya="1" hai0="4,38,11,85,110,105,78,25,56,54,59,126,75" hai1="61,113,12,106,43,98,67,58,74,86,24,49,112" hai2="28,8,91,93,37,96,27,116,95,22,29,97,77" hai3="2,55,9,51,32,66,50,5,119,20,88,16,121"/><U6/><E74/><V123/><F116/><W68/><G121/><T107/><D110/><U132/><E132/><V134/><F134/><W48/><G32/><T69/><D69/><U87/><E112/><V80/><F123/><W120/><G120/><T41/><D59/><U21/><E113/><V18/><F37/><W94/><G119/><T45/><D25/><U31/><E106/><V81/><F8/><W92/><G55/><T14/><D75/><U63/><E63/><V33/><F33/><W99/><G66/><T13/><D13/><U79/><E79/><V100/><REACH who="2" step="1"/><F81/><REACH who="2" ten="250,270,220,250" step="2"/><W135/><G135/><T109/><D109/><U39/><E39/><V70/><F70/><W15/><G68/><T57/><D38/><U128/><E128/><V65/><F65/><W73/><G73/><AGARI ba="0,1" hai="18,22,27,28,29,73,77,80,91,93,95,96,97,100" machi="73" ten="30,2000,0" yaku="1,1,7,1,53,0" doraHai="133" doraHaiUra="1" who="2" fromWho="3" sc="250,0,270,0,220,30,250,-20" /><INIT seed="2,0,0,1,0,31" ten="250,270,250,230" oya="2" hai0="88,0,46,77,97,63,54,73,135,30,75,93,113" hai1="133,2,78,129,32,66,6,60,119,51,35,76,134" hai2="37,65,45,72,107,99,108,42,128,8,106,112,131" hai3="44,81,29,12,114,10,79,53,1,39,49,13,96"/><V120/><F112/><W125/><G114/><T111/><D113/><U61/><E119/><V126/><F120/><W91/><G125/><T118/><D0/><U85/><E129/><N who="2" m="49739" /><F126/><W33/><G39/><T62/><D111/><U94/><E2/><V16/><F108/><W59/><G1/><T74/><D135/><N who="1" m="51723" /><E6/><V34/><F72/><W115/><G115/><T110/><D118/><U109/><E109/><V15/><F65/><W4/><G13/><T26/><D77/><N who="1" m="29803" /><E51/><V103/><F106/><W24/><G96/><T19/><D110/><U92/><E85/><V22/><F22/><W11/><G11/><T56/><D46/><U87/><E87/><V116/><F116/><W21/><G91/><T84/><D84/><U41/><E41/><V102/><F103/><W104/><G104/><T27/><D74/><U105/><E105/><V130/><F130/><W95/><G95/><N who="1" m="36394" /><E61/><V123/><F123/><W101/><G101/><T117/><D63/><U100/><E100/><V67/><F67/><W14/><G14/><T71/><D117/><U40/><E40/><V7/><F7/><W58/><REACH who="3" step="1"/><G21/><REACH who="3" ten="250,270,250,220" step="2"/><N who="0" m="13631" /><D73/><AGARI ba="0,1" hai="4,10,12,24,29,33,44,49,53,58,59,73,79,81" machi="73" ten="30,3900,0" yaku="1,1,7,1,52,1,53,0" doraHai="31" doraHaiUra="57" who="3" fromWho="0" sc="250,-39,270,0,250,0,220,49" /><INIT seed="3,0,0,4,4,69" ten="211,270,250,269" oya="3" hai0="104,43,110,87,123,3,63,97,73,124,42,19,45" hai1="83,132,108,112,8,98,30,79,52,118,39,13,130" hai2="65,122,91,88,61,27,62,93,107,37,113,64,68" hai3="67,109,9,31,102,60,34,111,17,119,2,90,14"/><W134/><G119/><T131/><D73/><U78/><E112/><V129/><F113/><W54/><G134/><T59/><D123/><U29/><E132/><V50/><F122/><W117/><G117/><T105/><D3/><U106/><E118/><V71/><F107/><W81/><G102/><T125/><D110/><N who="3" m="41993" /><G54/><T25/><D131/><U135/><E39/><V49/><F129/><W126/><G126/><T121/><D121/><U92/><E130/><V36/><F27/><N who="3" m="18815" /><G2/><T89/><D105/><U6/><E106/><V44/><F93/><W57/><G90/><T94/><D124/><U84/><E135/><V20/><F20/><W66/><G66/><T133/><D133/><U99/><E108/><V85/><F85/><W100/><G100/><T70/><D87/><U1/><E1/><V21/><F21/><W127/><G127/><T56/><D89/><N who="1" m="55567" /><E99/><V35/><REACH who="2" step="1"/><F44/><REACH who="2" ten="211,270,240,269" step="2"/><W128/><G128/><T33/><D45/><U46/><E78/><V72/><F72/><W40/><G40/><T15/><D42/><U80/><E80/><AGARI ba="0,1" hai="9,14,17,57,60,67,80,81" m="18815,41993" machi="80" ten="30,2900,0" yaku="14,1,10,1" doraHai="69" who="3" fromWho="1" sc="211,0,270,-29,240,0,269,39" /><INIT seed="3,1,0,5,2,11" ten="211,241,240,308" oya="3" hai0="85,118,37,60,92,27,1,39,129,79,84,41,90" hai1="24,135,70,52,104,105,73,66,35,115,110,108,112" hai2="62,7,29,126,5,14,88,124,91,134,56,109,33" hai3="107,114,42,72,4,26,71,30,67,86,15,89,130"/><W83/><G114/><N who="1" m="43562" /><E73/><V68/><F68/><W96/><G130/><T49/><D1/><U53/><E66/><V6/><F109/><N who="1" m="42089" /><E70/><V18/><F134/><W80/><G42/><T31/><D118/><U45/><E45/><V34/><F29/><W25/><G67/><T9/><D129/><U8/><E8/><N who="2" m="6471" /><F33/><W57/><G57/><T12/><D60/><U23/><E35/><V93/><F34/><W125/><G71/><T51/><D39/><U28/><E135/><V94/><F124/><W32/><G125/><T21/><D41/><U20/><E20/><V55/><F126/><W113/><G113/><T19/><REACH who="0" step="1"/><D37/><REACH who="0" ten="201,241,240,308" step="2"/><U48/><E48/><V61/><F62/><W131/><G131/><T38/><D38/><U17/><E28/><V106/><F106/><AGARI ba="1,1" hai="17,23,24,52,53,104,105,106" m="42089,43562" machi="106" ten="40,2600,0" yaku="14,1,54,1" doraHai="11" who="1" fromWho="2" sc="201,0,241,39,240,-29,308,0" /><INIT seed="4,0,0,4,0,28" ten="201,280,211,308" oya="0" hai0="48,17,18,116,79,81,36,53,38,98,0,118,6" hai1="23,88,115,7,67,29,121,50,114,55,31,22,132" hai2="15,44,92,4,91,60,26,82,75,14,10,19,32" hai3="12,73,2,117,61,102,86,45,30,5,20,135,11"/><T113/><D113/><N who="1" m="43019" /><E121/><V70/><F44/><W69/><G117/><T1/><D98/><U71/><E132/><V64/><F75/><W112/><G112/><T131/><D131/><U89/><E7/><V8/><F82/><W77/><G73/><T93/><D6/><U3/><E3/><V127/><F127/><W40/><G102/><T133/><D133/><U80/><E67/><V90/><REACH who="2" step="1"/><F92/><REACH who="2" ten="201,280,201,308" step="2"/><W42/><G135/><T83/><D93/><U107/><E107/><V120/><F120/><W129/><G129/><T128/><D128/><U72/><E71/><V130/><F130/><W124/><G124/><T103/><D83/><U25/><E72/><V87/><F87/><W21/><G86/><T35/><D81/><U99/><E80/><V56/><F56/><W108/><G77/><T27/><D79/><U111/><E111/><V57/><F57/><W46/><G108/><T13/><D116/><U62/><E99/><V85/><F85/><W119/><G119/><T58/><D58/><N who="1" m="33143" /><E62/><V52/><F52/><W63/><G69/><T9/><D53/><U109/><E109/><V41/><F41/><W51/><G42/><T78/><D78/><U47/><E47/><V96/><F96/><W74/><G46/><T43/><D118/><U122/><E122/><V123/><F123/><W95/><G74/><T34/><D43/><U94/><E94/><V84/><F84/><W59/><G95/><T24/><D48/><U76/><E76/><V68/><F68/><W110/><G110/><T49/><D49/><U97/><E97/><V126/><F126/><W104/><G59/><RYUUKYOKU ba="0,1" sc="201,-15,280,15,201,15,308,-15" hai1="22,23,25,29,31,88,89" hai2="4,8,10,14,15,19,26,32,60,64,70,90,91" /><INIT seed="5,1,1,1,5,127" ten="186,295,216,293" oya="1" hai0="114,129,135,66,95,36,11,8,28,25,17,83,23" hai1="61,87,35,131,113,21,48,14,116,118,71,50,2" hai2="45,64,60,122,79,89,3,130,59,34,27,128,65" hai3="75,96,98,86,22,42,41,81,67,53,72,54,43"/><U76/><E2/><V101/><F122/><W16/><G67/><T77/><D36/><U112/><E35/><V126/><F3/><W105/><G105/><T68/><D114/><N who="1" m="44139" /><E71/><V91/><F126/><W133/><G133/><T46/><D135/><U121/><E61/><N who="2" m="37951" /><F101/><W19/><G81/><T10/><D66/><U49/><E131/><N who="2" m="50219" /><F79/><W38/><G38/><T120/><D68/><U51/><E121/><V13/><F13/><W73/><G86/><T63/><D63/><U102/><E102/><V44/><F34/><W69/><G22/><T106/><D106/><U84/><N who="1" m="12800" /><DORA hai="30" /><U109/><E109/><V31/><F27/><W57/><G57/><T55/><D129/><U125/><E125/><V104/><F31/><W0/><G0/><T39/><D120/><U9/><E21/><V90/><F104/><W88/><G69/><AGARI ba="1,1" hai="44,45,60,65,69,89,90,91" m="50219,37951" machi="69" ten="30,7700,0" yaku="19,1,52,3" doraHai="127,30" who="2" fromWho="3" sc="186,0,295,0,216,90,293,-80" /><INIT seed="6,0,0,2,1,132" ten="186,295,306,213" oya="2" hai0="86,31,16,91,70,128,120,121,88,97,67,50,129" hai1="114,20,6,36,29,38,93,81,125,64,30,60,27" hai2="11,63,77,45,72,28,61,76,78,44,89,35,127" hai3="46,22,74,87,79,26,113,96,122,43,110,55,41"/><V92/><F72/><W32/><G32/><T62/><D31/><U115/><E125/><V56/><F127/><W107/><G110/><T4/><D4/><U84/><E93/><V40/><F35/><W98/><G122/><T108/><D108/><U106/><E106/><V53/><F28/><W37/><G74/><T75/><D75/><U2/><E30/><V7/><F63/><W23/><G107/><T103/><D50/><U42/><E6/><V54/><F53/><W58/><G43/><T34/><D34/><U133/><E2/><V12/><REACH who="2" step="1"/><F40/><REACH who="2" ten="186,295,296,213" step="2"/><W102/><G113/><N who="1" m="43018" /><E42/><V0/><F0/><W14/><G41/><T65/><D121/><U18/><E29/><V119/><F119/><W118/><G118/><T49/><D120/><U24/><E133/><V101/><F101/><W131/><G102/><T100/><D100/><U10/><E38/><V15/><F15/><W116/><G116/><T47/><D103/><U134/><E36/><V8/><F8/><W82/><G37/><T69/><D62/><U66/><E134/><V57/><F57/><W94/><G58/><T123/><D123/><U104/><E104/><V51/><F51/><N who="3" m="29175" /><G14/><T85/><D49/><U90/><E10/><V13/><F13/><W105/><G22/><T17/><D47/><U9/><E9/><V112/><F112/><W21/><G21/><T19/><D19/><N who="1" m="12319" /><E60/><V73/><F73/><N who="3" m="43375" /><G105/><T126/><D126/><U68/><E68/><V5/><F5/><W71/><G71/><T25/><D25/><U52/><E52/><V95/><F95/><W130/><G94/><T124/><D124/><RYUUKYOKU ba="0,1" sc="186,10,295,10,296,10,213,-30" hai0="16,17,65,67,69,70,85,86,88,91,97,128,129" hai1="18,27,64,66,81,84,90" hai2="7,11,12,44,45,54,56,61,76,77,78,89,92" /><INIT seed="6,1,1,0,2,108" ten="196,305,306,183" oya="2" hai0="119,135,37,99,96,86,64,120,91,4,102,105,132" hai1="34,110,113,28,100,45,33,47,128,126,29,75,72" hai2="80,114,60,50,116,134,131,54,36,62,85,122,42" hai3="39,133,51,61,98,27,30,43,130,52,79,123,2"/><V87/><F116/><W11/><G130/><T73/><D37/><U90/><E110/><V68/><F122/><W103/><G123/><T111/><D120/><U31/><E100/><V121/><F42/><W81/><G133/><N who="0" m="51275" /><D111/><U97/><E97/><V124/><F36/><W83/><G39/><T32/><D32/><U23/><E90/><V55/><F131/><W46/><G79/><T38/><D38/><U117/><E128/><V84/><F80/><W13/><G2/><T14/><D73/><U21/><E31/><V69/><F124/><W57/><G30/><T67/><D96/><U106/><E106/><V58/><F121/><W93/><G27/><T101/><D102/><U25/><E25/><V17/><F17/><AGARI ba="1,1" hai="11,13,17,43,46,51,52,57,61,81,83,93,98,103" machi="17" ten="30,3900,0" yaku="7,1,8,1,54,1" doraHai="108" who="3" fromWho="2" sc="196,0,305,0,306,-42,183,52" /><INIT seed="7,0,0,2,0,94" ten="196,305,264,235" oya="3" hai0="124,116,104,118,123,35,37,49,60,120,54,121,59" hai1="102,88,84,0,13,86,131,95,52,71,126,44,96" hai2="31,51,77,85,50,89,45,114,80,21,135,19,128" hai3="129,132,20,92,53,83,2,32,117,56,134,109,78"/><W25/><G117/><N who="0" m="45163" /><D35/><U101/><E0/><V66/><F114/><W1/><G129/><T24/><D24/><U12/><E71/><V91/><F128/><W103/><G109/><T115/><D104/><U87/><E126/><V58/><F135/><N who="3" m="51755" /><G32/><T68/><D124/><U27/><E27/><V130/><F31/><N who="3" m="17831" /><G103/><N who="1" m="39434" /><E131/><V17/><F130/><W3/><G92/><T97/><D97/><U63/><E63/><N who="2" m="38263" /><F51/><AGARI ba="0,0" hai="12,13,44,51,52,84,86,87,88,95,96" m="39434" machi="51" ten="30,7700,0" yaku="8,1,52,1,54,2" doraHai="94" who="1" fromWho="2" sc="196,0,305,77,264,-77,235,0" owari="196,-20.0,382,47.0,187,-31.0,235,4.0" /></mjloggm>