<mjloggm ver="2.3"><GO type="185" lobby="0"/><UN n0="%E3%83%99%E3%82%BF%E3%82%AA%E3%83%AA%E3%83%91%E3%83%B3%E3%83%80" n1="%33%E7%95%AA%44%48%E4%BA%95%E7%AB%AF" n2="%E3%81%97%E3%82%85%E3%82%89%E3%82%8B" n3="" dan="16,17,17,0" rate="2184.05,2272.84,2278.66,1500.00" sx="M,M,M,C"/><TAIKYOKU oya="0"/><INIT seed="0,0,0,0,4,57" ten="350,350,350,0" oya="0" hai0="73,104,130,47,0,89,126,76,37,127,134,93,91" hai1="71,46,83,34,79,39,112,75,129,78,72,62,41" hai2="81,60,111,118,110,59,64,131,40,103,92,123,1" hai3=""/><T67/><D0/><U124/><E34/><V113/><N who="2" m="31520" /><V53/><F1/><T128/><D104/><U58/><E129/><N who="0" m="49769" /><D67/><U61/><E124/><N who="0" m="47657" /><D76/><U116/><E116/><V66/><F118/><T63/><D73/><U69/><E112/><V65/><F113/><T52/><D37/><U44/><E79/><V117/><F117/><T70/><D70/><U54/><E75/><V102/><F131/><T88/><D134/><U135/><E135/><V96/><F65/><T101/><D101/><U68/><REACH who="1" step="1"/><E46/><REACH who="1" ten="350,340,350,0" step="2"/><V86/><F110/><T114/><D114/><U82/><E82/><V36/><F81/><T35/><D35/><U115/><E115/><V56/><F111/><T98/><D47/><U85/><E85/><V99/><F86/><T45/><D45/><U132/><E132/><V120/><N who="2" m="30752" /><V32/><F32/><T108/><D108/><U121/><N who="1" m="31008" /><U74/><E74/><V50/><F59/><AGARI ba="0,1" hai="52,59,63,88,89,91,93,98" m="47657,49769" machi="59" ten="30,12000,1" yaku="19,1,18,1,52,1,54,2" doraHai="57" who="0" fromWho="2" sc="350,130,340,0,350,-120,0,0" /><INIT seed="0,1,0,5,3,125" ten="480,340,230,0" oya="0" hai0="83,130,110,96,129,120,123,85,55,61,111,49,82" hai1="102,68,51,100,66,128,79,0,64,126,104,131,99" hai2="118,117,57,103,124,35,36,84,92,77,63,37,76" hai3=""/><T50/><N who="0" m="30752" /><T32/><N who="0" m="31520" /><T1/><D1/><U95/><E0/><V45/><F35/><T46/><D32/><U108/><E126/><V116/><F124/><T59/><D50/><U134/><E108/><N who="0" m="41513" /><D96/><U58/><E68/><V34/><F34/><T70/><D70/><U53/><E134/><V88/><F103/><T119/><D119/><U114/><E114/><V121/><N who="2" m="31008" /><V41/><REACH who="2" step="1"/><F36/><REACH who="2" ten="480,340,220,0" step="2"/><T56/><D83/><U71/><E102/><V132/><F132/><T98/><D98/><U86/><E100/><V106/><F106/><T38/><D38/><U80/><E104/><V42/><F42/><T87/><D87/><U90/><REACH who="1" step="1"/><E71/><REACH who="1" ten="480,330,220,0" step="2"/><V107/><F107/><T44/><D59/><U105/><E105/><V112/><F112/><T52/><D46/><U60/><E60/><V72/><F72/><T133/><D133/><U93/><E93/><V47/><F47/><T43/><D43/><U39/><E39/><V97/><F97/><T69/><D69/><U94/><E94/><V40/><F40/><T54/><D61/><U78/><E78/><V127/><F127/><T62/><D62/><U33/><E33/><V113/><F113/><T67/><D44/><U109/><E109/><V2/><F2/><RYUUKYOKU ba="1,2" sc="480,-20,330,10,220,10,0,0" hai1="51,53,58,64,66,79,80,86,90,95,99,128,131" hai2="37,41,45,57,63,76,77,84,88,92,116,117,118" /><INIT seed="1,2,2,2,1,86" ten="460,340,230,0" oya="1" hai0="60,61,105,85,129,46,133,0,76,73,77,66,75" hai1="50,120,51,57,80,47,96,65,118,82,104,107,32" hai2="125,56,41,40,70,94,127,74,72,124,54,116,119" hai3=""/><U131/><N who="1" m="30752" /><U100/><E118/><N who="2" m="45099" /><F94/><T35/><D105/><U90/><E32/><V97/><F97/><T2/><D35/><U45/><E131/><V52/><F70/><T123/><N who="0" m="31520" /><T53/><D129/><U71/><E71/><V44/><F74/><T81/><D75/><U128/><E128/><V84/><F84/><T78/><D73/><U59/><E65/><V88/><F88/><T68/><D85/><U87/><E107/><V63/><F72/><T34/><D34/><U36/><E36/><V113/><F113/><T67/><D81/><U92/><E104/><V42/><F54/><T33/><D33/><U62/><E82/><V109/><F109/><T91/><D91/><U110/><E110/><V132/><F132/><T111/><D133/><U39/><E39/><AGARI ba="2,2" hai="39,40,41,42,44,52,56,63,124,125,127" m="45099" machi="39" ten="40,8000,1" yaku="18,1,34,2,54,1" doraHai="86" who="2" fromWho="1" sc="460,0,340,-84,230,104,0,0" /><INIT seed="2,0,0,4,1,55" ten="460,256,334,0" oya="2" hai0="133,111,98,107,94,32,40,61,80,130,50,34,78" hai1="83,114,52,91,135,37,74,87,2,103,97,75,105" hai2="125,42,129,56,119,72,131,122,90,71,108,86,3" hai3=""/><V85/><F3/><T99/><D111/><U106/><E2/><V39/><N who="2" m="31264" /><V69/><F72/><T102/><D130/><N who="2" m="49674" /><F108/><T101/><D133/><U41/><E135/><V124/><F119/><T104/><D94/><U113/><E106/><V117/><F117/><T46/><REACH who="0" step="1"/><D61/><REACH who="0" ten="450,256,334,0" step="2"/><U59/><E113/><V118/><F118/><T67/><D67/><U48/><REACH who="1" step="1"/><E114/><REACH who="1" ten="450,246,334,0" step="2"/><V121/><F121/><T73/><AGARI ba="0,2" hai="32,34,40,46,50,73,78,80,98,99,101,102,104,107" machi="73" ten="20,3900,0" yaku="1,1,0,1,7,1,9,1,53,0" doraHai="55" doraHaiUra="49" who="0" fromWho="0" sc="450,59,246,-13,334,-26,0,0" /><INIT seed="4,0,0,3,0,40" ten="509,233,308,0" oya="0" hai0="124,94,2,36,85,57,39,67,97,135,121,105,127" hai1="100,51,72,125,38,50,108,63,90,76,87,44,113" hai2="56,117,130,60,102,133,77,58,53,46,112,116,68" hai3=""/><T34/><N who="0" m="31008" /><T71/><D2/><U69/><E108/><V41/><F102/><T122/><N who="0" m="31264" /><T109/><D71/><U83/><E125/><N who="0" m="48201" /><D105/><U93/><E113/><V119/><F112/><T120/><N who="0" m="30752" /><T129/><D109/><U65/><E38/><V84/><F133/><T106/><D34/><U33/><E33/><V86/><F130/><T99/><D129/><U48/><REACH who="1" step="1"/><E100/><REACH who="1" ten="509,223,308,0" step="2"/><V45/><F117/><T104/><D39/><U59/><E59/><V81/><F119/><T88/><D36/><U55/><AGARI ba="0,1" hai="44,48,50,51,55,63,65,69,72,76,83,87,90,93" machi="55" ten="20,6000,1" yaku="1,1,0,1,7,1,52,1,53,1" doraHai="40" doraHaiUra="89" who="1" fromWho="1" sc="509,-40,223,70,308,-20,0,0" /><INIT seed="5,0,0,1,0,65" ten="469,293,288,0" oya="1" hai0="52,50,83,113,130,111,108,64,79,41,63,36,35" hai1="118,97,78,80,34,100,40,122,86,57,106,39,95" hai2="66,107,1,75,96,134,84,54,74,71,114,81,88" hai3=""/><U3/><N who="1" m="31264" /><U0/><E34/><V61/><F1/><T99/><D35/><U112/><E118/><V121/><N who="2" m="31008" /><V45/><F134/><T73/><D130/><U91/><E112/><V53/><F114/><T51/><D113/><U47/><REACH who="1" step="1"/><E57/><REACH who="1" ten="469,283,288,0" step="2"/><V62/><F45/><T2/><D2/><U60/><E60/><V98/><F62/><T105/><D63/><U110/><E110/><V125/><F125/><T132/><D111/><U76/><E76/><V68/><F68/><T93/><D79/><U133/><E133/><V33/><F33/><T42/><D132/><U56/><E56/><V102/><REACH who="2" step="1"/><F96/><AGARI ba="0,1" hai="0,3,39,40,47,78,80,86,91,95,96,97,100,106" m="31264" machi="96" ten="30,5800,0" yaku="1,1,7,1,52,1,53,0" doraHai="65" doraHaiUra="127" who="1" fromWho="2" sc="469,0,283,68,288,-58,0,0" /><INIT seed="5,1,0,3,4,44" ten="469,351,230,0" oya="1" hai0="35,130,58,64,92,32,127,102,99,3,60,55,54" hai1="135,95,108,81,75,100,45,112,40,67,37,68,87" hai2="128,133,114,73,61,97,63,77,56,78,98,103,94" hai3=""/><U43/><E112/><V46/><F114/><T109/><D109/><U62/><E108/><V110/><F110/><T85/><D3/><U42/><E135/><V118/><F118/><T134/><D134/><U115/><E115/><V76/><F133/><T47/><D130/><U125/><E125/><V91/><F128/><T121/><N who="0" m="31008" /><T74/><D74/><U83/><E75/><V57/><F73/><T129/><D129/><U131/><E131/><V70/><F70/><T82/><D127/><U123/><N who="1" m="31520" /><U86/><E95/><V132/><F132/><T52/><REACH who="0" step="1"/><D47/><REACH who="0" ten="459,351,230,0" step="2"/><U51/><E37/><V124/><F124/><T38/><D38/><U107/><E107/><V111/><F46/><T1/><D1/><U71/><E71/><V69/><F111/><T119/><D119/><U88/><REACH who="1" step="1"/><E100/><REACH who="1" ten="459,341,230,0" step="2"/><V50/><F69/><T41/><D41/><U49/><E49/><V39/><F39/><T80/><D80/><U84/><E84/><V120/><N who="2" m="30752" /><V66/><F50/><T53/><N who="0" m="13824" /><DORA hai="104" /><T106/><D106/><U122/><N who="1" m="31264" /><U101/><E101/><V33/><F103/><T34/><D34/><U72/><E72/><V116/><F116/><T96/><D96/><U65/><E65/><V0/><F98/><RYUUKYOKU ba="1,2" sc="459,10,341,10,230,-20,0,0" hai0="32,35,58,60,64,82,85,92,99,102" hai1="40,42,43,45,51,62,67,68,81,83,86,87,88" /><INIT seed="5,2,2,4,5,113" ten="469,351,210,0" oya="1" hai0="132,108,75,82,135,77,120,80,112,83,124,73,79" hai1="134,107,3,55,128,54,119,110,0,122,34,102,63" hai2="68,86,116,71,47,74,53,69,99,91,66,32,67" hai3=""/><U49/><N who="1" m="31264" /><U33/><E102/><V103/><F74/><T48/><N who="0" m="30752" /><T115/><D108/><U65/><E107/><V51/><F32/><T111/><D111/><U46/><E110/><V56/><F47/><T1/><D1/><U40/><E3/><V88/><F91/><T93/><D124/><U60/><E0/><V45/><F45/><T104/><D104/><U121/><N who="1" m="31008" /><U39/><E119/><V109/><F109/><T42/><D93/><U57/><E134/><N who="0" m="51241" /><D42/><U90/><E128/><V130/><F130/><T95/><D48/><U44/><REACH who="1" step="1"/><E90/><REACH who="1" ten="469,341,210,0" step="2"/><V101/><F101/><T118/><D118/><U35/><E35/><V97/><F116/><T76/><D112/><U106/><E106/><V78/><F103/><T125/><D115/><U105/><E105/><V61/><F78/><T127/><D125/><U114/><E114/><V64/><REACH who="2" step="1"/><F61/><REACH who="2" ten="469,341,200,0" step="2"/><T36/><D127/><U62/><E62/><V72/><F72/><T70/><D75/><U81/><E81/><AGARI ba="2,4" hai="51,53,56,64,66,67,68,69,71,81,86,88,97,99" machi="81" ten="50,3200,0" yaku="1,1,54,1,53,0" doraHai="113" doraHaiUra="58" who="2" fromWho="1" sc="469,0,341,-36,200,76,0,0" /><INIT seed="6,0,0,0,2,90" ten="469,305,276,0" oya="2" hai0="113,123,129,64,101,45,44,103,92,3,88,112,111" hai1="84,125,66,135,55,63,67,78,65,124,79,74,109" hai2="115,127,94,40,120,32,131,33,77,107,43,2,75" hai3=""/><V53/><F2/><T50/><N who="0" m="31520" /><T110/><D3/><U42/><E109/><N who="0" m="41481" /><D129/><U47/><E74/><V133/><N who="2" m="30752" /><V82/><F131/><T121/><N who="0" m="31008" /><T56/><D64/><U69/><E135/><V86/><F133/><T87/><D56/><U0/><E0/><V85/><F107/><T130/><D130/><U81/><E79/><V59/><F115/><N who="0" m="44106" /><D45/><U105/><E69/><V61/><F127/><N who="1" m="48713" /><E63/><V106/><F106/><T134/><D134/><U102/><E105/><V91/><REACH who="2" step="1"/><F75/><REACH who="2" ten="469,305,266,0" step="2"/><T71/><D71/><U99/><E67/><V76/><F76/><T122/><D122/><U60/><E66/><V52/><F52/><AGARI ba="0,1" hai="44,50,52,87,88,92,101,103" m="44106,31008,41481,31520" machi="52" ten="30,12000,2" yaku="15,1,11,1,52,3,54,2" doraHai="90" who="0" fromWho="2" sc="469,130,305,0,266,-120,0,0" owari="599,54.0,305,-9.0,146,-45.0,0,0.0" /></mjloggm>