<mjloggm ver="2.3"><GO type="169" lobby="0"/><UN n0="%6E%6F%72%69%6B%61" n1="%E3%82%B3%E3%83%9E%E3%83%84%E3%83%9E%E3%83%84%E3%82%B3" n2="%E6%AF%94%E5%98%89%E7%A7%80%E4%BB%81" n3="%E3%81%B5%E3%81%BF%4B%55%4E" dan="18,16,16,16" rate="2252.09,2117.68,2129.02,2079.04" sx="F,M,M,M"/><TAIKYOKU oya="0"/><INIT seed="0,0,0,0,3,92" ten="250,250,250,250" oya="0" hai0="93,62,74,24,96,26,98,95,44,81,39,85,13" hai1="6,34,43,37,60,1,64,35,127,112,91,76,135" hai2="67,58,50,124,23,10,131,38,12,121,20,103,110" hai3="57,32,15,36,108,83,80,102,118,16,46,33,3"/><T111/><D74/><U116/><E91/><V101/><F121/><W47/><G3/><T117/><D117/><U42/><E42/><V134/><F38/><W107/><G118/><T79/><D111/><U31/><E116/><V104/><F110/><W28/><G108/><T0/><D0/><U66/><E64/><V88/><F104/><W126/><G126/><T49/><D62/><U59/><E127/><V53/><F124/><W11/><G57/><T21/><D13/><U2/><E135/><V97/><F134/><W48/><G28/><T63/><D63/><U75/><E31/><V114/><F67/><W25/><G25/><N who="0" m="9835" /><D21/><N who="2" m="8266" /><F131/><W8/><G8/><T129/><D129/><U29/><E29/><V120/><F120/><W78/><G36/><T128/><D39/><U77/><E1/><V123/><F123/><W90/><G48/><T72/><D72/><U4/><E2/><V82/><F114/><W130/><G33/><T22/><D22/><U55/><E34/><V68/><F68/><W119/><G32/><T86/><D128/><U105/><E35/><V14/><F82/><W69/><G69/><T5/><D5/><U9/><E112/><V65/><F65/><W52/><G130/><T89/><D93/><U51/><E105/><V7/><F14/><W71/><G71/><T56/><D56/><N who="1" m="37127" /><E75/><V99/><F88/><W18/><G107/><T54/><AGARI ba="0,0" hai="44,49,54,79,81,85,86,89,95,96,98" m="9835" machi="54" ten="30,6000,0" yaku="8,1,52,2" doraHai="92" who="0" fromWho="0" sc="250,60,250,-20,250,-20,250,-20" /><INIT seed="0,1,0,0,2,100" ten="310,230,230,230" oya="0" hai0="66,76,32,94,0,107,91,39,120,29,58,119,62" hai1="87,133,28,106,89,4,41,44,110,17,114,53,46" hai2="12,69,50,13,109,22,27,85,98,84,9,55,81" hai3="80,126,99,96,71,19,11,108,78,21,15,49,47"/><T101/><D119/><U83/><E106/><V113/><F69/><W20/><G71/><T115/><D115/><U82/><E114/><V64/><F64/><W88/><G108/><T75/><D0/><U73/><E110/><V25/><F113/><W135/><G126/><T121/><D39/><U72/><E133/><V61/><F109/><W111/><G135/><T130/><D130/><U6/><E28/><V23/><F61/><W8/><G111/><T129/><D129/><U134/><E134/><V132/><F132/><W3/><G3/><T105/><D101/><U33/><E33/><V122/><F98/><W40/><G21/><T125/><D125/><U52/><E87/><V90/><F122/><W102/><G96/><T2/><D2/><U118/><E89/><V37/><F37/><W93/><REACH who="3" step="1"/><G102/><REACH who="3" ten="310,230,230,220" step="2"/><T36/><D121/><U16/><REACH who="1" step="1"/><E41/><REACH who="1" ten="310,220,230,220" step="2"/><V48/><F84/><AGARI ba="1,2" hai="8,11,15,19,20,40,47,49,78,80,84,88,93,99" machi="84" ten="30,8000,1" yaku="1,1,2,1,7,1,8,1,54,1,53,0" doraHai="100" doraHaiUra="97" who="3" fromWho="2" sc="310,0,220,0,230,-83,220,103" /><INIT seed="1,0,0,4,0,114" ten="310,220,147,323" oya="1" hai0="59,126,41,11,50,53,89,16,26,131,3,108,98" hai1="92,129,55,38,5,135,75,0,67,2,60,82,28" hai2="35,123,133,103,134,17,125,21,32,56,106,79,37" hai3="72,25,14,119,15,68,109,29,47,22,8,63,4"/><U76/><E28/><V52/><F37/><W48/><G109/><T10/><D108/><U94/><E135/><N who="2" m="51723" /><F123/><W65/><G72/><T49/><D3/><U62/><E129/><V124/><F79/><W42/><G119/><T95/><D131/><U46/><E0/><AGARI ba="0,0" hai="0,4,8,14,15,22,25,29,42,47,48,63,65,68" machi="0" ten="30,1000,0" yaku="7,1" doraHai="114" who="3" fromWho="1" sc="310,0,220,-10,147,0,323,10" /><INIT seed="2,0,0,3,5,76" ten="310,210,147,333" oya="2" hai0="37,88,70,105,74,112,132,51,56,82,95,122,66" hai1="2,110,5,62,16,34,108,91,48,32,25,38,58" hai2="131,102,107,106,23,50,40,28,49,61,104,54,87" hai3="71,81,67,100,121,127,118,60,26,41,6,47,90"/><V128/><F102/><W11/><G118/><T29/><D122/><U65/><E38/><V83/><F40/><W1/><G121/><T15/><D112/><U116/><E116/><V27/><F61/><W33/><G127/><T77/><D37/><U44/><E5/><V75/><F75/><W133/><G133/><T119/><D119/><U53/><E2/><V24/><F24/><W97/><G33/><T80/><D105/><U115/><E115/><V22/><F22/><W130/><G26/><T94/><D70/><U42/><E65/><V10/><F10/><W43/><G130/><N who="2" m="49705" /><F54/><W123/><G123/><T98/><D132/><U46/><E46/><V13/><F13/><W63/><G63/><T18/><D29/><U85/><E34/><V134/><F134/><W59/><G71/><T73/><D66/><U17/><E32/><V68/><F68/><W111/><G41/><T39/><D39/><U92/><REACH who="1" step="1"/><E25/><REACH who="1" ten="310,200,147,333" step="2"/><V36/><F36/><W79/><G47/><T72/><D56/><U19/><AGARI ba="0,1" hai="16,17,19,42,44,48,53,58,62,85,91,92,108,110" machi="19" ten="30,7900,0" yaku="1,1,2,1,0,1,54,1,53,0" doraHai="76" doraHaiUra="4" who="1" fromWho="1" sc="310,-20,200,89,147,-39,333,-20" /><INIT seed="3,0,0,2,2,125" ten="290,289,108,313" oya="3" hai0="102,112,2,46,42,32,67,132,9,69,83,106,1" hai1="115,11,39,101,84,6,56,60,124,16,79,74,134" hai2="31,94,18,129,118,126,30,0,22,111,78,77,90" hai3="68,17,29,119,58,120,24,23,122,5,66,28,108"/><W103/><G119/><T97/><D132/><U14/><E39/><V43/><F126/><W51/><G103/><T52/><D112/><U73/><E124/><V80/><F118/><W121/><G68/><T135/><D135/><U55/><E115/><V7/><F111/><W3/><G108/><T33/><D52/><U96/><E134/><V64/><F0/><W93/><G93/><T26/><D83/><U71/><E71/><V61/><F7/><W89/><G89/><T70/><D70/><U98/><E98/><V38/><F43/><W117/><G117/><T107/><D107/><U86/><E74/><V85/><F38/><W41/><G41/><T37/><D9/><U36/><E36/><V48/><F48/><W104/><G104/><T8/><D8/><U65/><E65/><V72/><F77/><W44/><G44/><T20/><D20/><U10/><E73/><V87/><F72/><W128/><G51/><T114/><D114/><U34/><E34/><N who="0" m="13417" /><D26/><U25/><E79/><V35/><F35/><W4/><G66/><T100/><D100/><U63/><E63/><AGARI ba="0,0" hai="1,2,37,42,46,63,67,69,97,102,106" m="13417" machi="63" ten="30,2000,0" yaku="33,2" doraHai="125" who="0" fromWho="1" sc="290,20,289,-20,108,0,313,0" /><INIT seed="4,0,0,1,1,67" ten="310,269,108,313" oya="0" hai0="117,87,70,12,114,29,7,40,48,53,8,119,104" hai1="1,76,65,9,18,133,125,106,100,45,97,96,37" hai2="47,123,81,61,33,27,85,60,2,103,77,94,4" hai3="98,130,108,127,16,121,62,21,23,6,88,54,115"/><T72/><D72/><U64/><E125/><V38/><F123/><W93/><G108/><T75/><D75/><U52/><E133/><V90/><F2/><W19/><G130/><T83/><D104/><U49/><E37/><V91/><F4/><W0/><G115/><T84/><D70/><U17/><E76/><V46/><F103/><W22/><G127/><T13/><D114/><U128/><E128/><V82/><F82/><W39/><G39/><T20/><D40/><U132/><E132/><V14/><F14/><W26/><G121/><T102/><D102/><U71/><E97/><V120/><F120/><W15/><G0/><T79/><D84/><U134/><E134/><V35/><F91/><W105/><G105/><T86/><D86/><U74/><E74/><V135/><F135/><W51/><G6/><T92/><D92/><U68/><E1/><V5/><F5/><W32/><G32/><T118/><D29/><U111/><E111/><V58/><F38/><W101/><G62/><T34/><D34/><U56/><E64/><V129/><F129/><W66/><G66/><T113/><D113/><U107/><E106/><V42/><F42/><W131/><G101/><T44/><REACH who="0" step="1"/><D119/><REACH who="0" ten="300,269,108,313" step="2"/><U31/><E31/><V50/><F35/><W95/><G95/><T110/><D110/><U11/><E68/><V116/><F116/><W89/><G131/><T63/><D63/><N who="2" m="24138" /><F33/><W43/><G43/><T78/><D78/><U69/><E69/><V124/><F124/><W24/><G89/><T10/><D10/><N who="1" m="3595" /><E71/><V25/><F77/><W112/><G112/><T57/><D57/><RYUUKYOKU ba="0,1" sc="300,15,269,15,108,-15,313,-15" hai0="7,8,12,13,20,44,48,53,79,83,87,117,118" hai1="17,18,45,49,52,56,65,96,100,107" /><INIT seed="4,1,1,3,0,13" ten="315,284,93,298" oya="0" hai0="48,30,72,41,61,90,124,26,91,38,3,19,94" hai1="103,121,36,31,22,97,96,55,25,131,117,42,0" hai2="4,66,51,52,69,23,126,47,9,128,58,18,11" hai3="81,33,60,132,111,28,129,65,64,118,53,35,106"/><T44/><D3/><U15/><E121/><V2/><F128/><W83/><G118/><T100/><D72/><U39/><E117/><V24/><F126/><W63/><G106/><T45/><D124/><U32/><E0/><V77/><F77/><W12/><G129/><T74/><D74/><U56/><E131/><V73/><F73/><W59/><G132/><T62/><D100/><U119/><E119/><V122/><F122/><W75/><G111/><T113/><D113/><U10/><E32/><V135/><F135/><W116/><G116/><T115/><D115/><U89/><E89/><V1/><F69/><W107/><G107/><T84/><D90/><U101/><E96/><V78/><F78/><W87/><G53/><T7/><D7/><U43/><E39/><V34/><F34/><W70/><G28/><T27/><D27/><U37/><E37/><V123/><F123/><W130/><G130/><T67/><D67/><U104/><E36/><V17/><F1/><W5/><G81/><T54/><REACH who="0" step="1"/><D19/><REACH who="0" ten="305,284,93,298" step="2"/><U50/><E101/><V76/><F76/><W134/><G75/><T6/><D6/><AGARI ba="1,2" hai="6,10,15,22,25,31,42,43,50,55,56,97,103,104" machi="6" ten="30,1000,0" yaku="7,1" doraHai="13" who="1" fromWho="0" sc="305,-13,284,33,93,0,298,0" /><INIT seed="5,0,0,5,2,119" ten="292,317,93,298" oya="1" hai0="28,31,81,56,54,132,13,8,19,64,68,12,103" hai1="127,91,32,90,6,79,94,124,10,133,67,129,76" hai2="30,72,128,11,34,120,107,26,112,37,1,3,92" hai3="101,74,117,36,102,5,111,47,17,39,93,71,122"/><U134/><E32/><V7/><F92/><W61/><G111/><T44/><D68/><U63/><E76/><V49/><F49/><W118/><G74/><T70/><D70/><U23/><E79/><V59/><F59/><W38/><G5/><T2/><D2/><U114/><E114/><V69/><F26/><W35/><G35/><T33/><D33/><U106/><E106/><V109/><F30/><W96/><G17/><T123/><D132/><N who="1" m="50795" /><E23/><V97/><F97/><W45/><G101/><T53/><D81/><U75/><E75/><V66/><F66/><N who="3" m="41423" /><G122/><T84/><D84/><U82/><E82/><V80/><F80/><W15/><G15/><T99/><D13/><N who="1" m="5335" /><E94/><V25/><F25/><W130/><G130/><T42/><D31/><U58/><E129/><V65/><F65/><W18/><G18/><T104/><D28/><U77/><E77/><V0/><F11/><W87/><G87/><T24/><D24/><U121/><E121/><V98/><F98/><W29/><G29/><T55/><D123/><U100/><E100/><V83/><F83/><W14/><G14/><T116/><D116/><AGARI ba="0,0" hai="36,38,39,45,47,93,96,102,116,117,118" m="41423" machi="116" ten="40,1300,0" yaku="12,1" doraHai="119" who="3" fromWho="0" sc="292,-13,317,0,93,0,298,13" /><INIT seed="6,0,0,4,2,47" ten="279,317,93,311" oya="2" hai0="35,83,95,100,84,29,60,135,58,107,129,112,51" hai1="66,30,120,133,68,67,117,131,80,0,34,77,96" hai2="9,23,32,118,78,81,61,55,127,70,89,111,69" hai3="7,122,19,16,134,92,94,86,10,93,50,88,31"/><V97/><F32/><W125/><G122/><T72/><D107/><U43/><E67/><V76/><F118/><W113/><G134/><T33/><D29/><U74/><E117/><V37/><F37/><W48/><G31/><T42/><D135/><U106/><E133/><V109/><F127/><W103/><G125/><T28/><D28/><U123/><E131/><V75/><F78/><W5/><G113/><T59/><D72/><U91/><E43/><V132/><F132/><W90/><G103/><T105/><D105/><U20/><E20/><V6/><F23/><W128/><G128/><T85/><D112/><U21/><E21/><V38/><F38/><W130/><G130/><T40/><D129/><U46/><E46/><V13/><F89/><N who="3" m="34411" /><G86/><T87/><D83/><U62/><E0/><V39/><F39/><W110/><G110/><N who="2" m="41993" /><F97/><W101/><G101/><T12/><D35/><U102/><REACH who="1" step="1"/><E91/><REACH who="1" ten="279,307,93,311" step="2"/><V27/><F27/><AGARI ba="0,1" hai="27,30,34,62,66,68,74,77,80,96,102,106,120,123" machi="27" ten="40,12000,2" yaku="1,1,2,1,25,2,23,2,53,1" doraHai="47" doraHaiUra="79" who="1" fromWho="2" sc="279,0,307,130,93,-120,311,0" owari="279,-12.0,437,54.0,-27,-53.0,311,11.0" /></mjloggm>