<mjloggm ver="2.3"><GO type="185" lobby="0"/><UN n0="%E6%A2%B6%E9%9A%86%E8%87%A3" n1="%E5%8C%97%E5%B2%A1%E3%81%BE%E3%81%A4%E3%81%9F%E3%81%91" n2="%E3%83%8A%E3%83%91%E3%83%BC%E3%83%A0%E3%81%A7%E3%81%99" n3="" dan="17,16,17,0" rate="2268.00,2277.60,2205.93,1500.00" sx="M,F,M,C"/><TAIKYOKU oya="0"/><INIT seed="0,0,0,0,1,82" ten="350,350,350,0" oya="0" hai0="112,67,76,95,69,44,39,54,81,120,75,91,66" hai1="89,128,64,70,119,122,98,36,62,60,96,129,73" hai2="99,113,90,58,34,134,121,109,103,133,65,32,94" hai3=""/><T71/><N who="0" m="30752" /><T115/><D69/><U106/><N who="1" m="31264" /><U84/><E73/><V35/><N who="2" m="31008" /><V63/><F109/><T40/><D54/><U101/><E36/><V49/><F113/><T107/><D107/><U111/><E119/><V68/><F68/><T123/><N who="0" m="31520" /><T43/><D40/><U86/><E111/><V33/><N who="2" m="8704" /><DORA hai="135" /><V47/><REACH who="2" step="1"/><F103/><REACH who="2" ten="350,350,340,0" step="2"/><T108/><D108/><U126/><E126/><V77/><F77/><T124/><D124/><U127/><E127/><V88/><F88/><T87/><REACH who="0" step="1"/><D71/><REACH who="0" ten="340,350,340,0" step="2"/><U0/><E70/><V48/><F48/><T80/><D80/><U104/><E64/><AGARI ba="0,2" hai="39,43,44,64,66,67,75,76,81,87,91,95,112,115" m="31520,30752" machi="64" ten="40,18000,2" yaku="1,1,52,3,53,2" doraHai="82,135" doraHaiUra="78,38" who="0" fromWho="1" sc="340,200,350,-180,340,0,0,0" /><INIT seed="0,1,0,0,5,57" ten="540,170,340,0" oya="0" hai0="50,53,56,107,65,44,91,97,134,71,125,51,62" hai1="116,32,90,123,112,118,98,89,131,36,92,85,3" hai2="95,108,120,130,111,70,74,96,99,88,39,0,124" hai3=""/><T113/><D113/><U121/><N who="1" m="31008" /><U86/><N who="1" m="31520" /><U80/><E112/><V132/><N who="2" m="30752" /><V84/><F39/><T34/><D125/><U37/><E3/><V1/><F70/><T38/><D134/><U72/><E32/><V82/><F0/><T122/><N who="0" m="31264" /><T45/><D34/><U114/><E114/><V119/><F1/><T117/><D117/><U115/><E115/><V127/><F132/><T46/><D38/><U129/><E37/><V58/><F58/><T63/><REACH who="0" step="1"/><D91/><REACH who="0" ten="530,170,340,0" step="2"/><U135/><E36/><V81/><F127/><T41/><D41/><U78/><E135/><V77/><F124/><T61/><D61/><U47/><E47/><V79/><F119/><N who="1" m="45609" /><E89/><V93/><F130/><AGARI ba="1,1" hai="72,78,80,85,86,90,92,98,129,130,131" m="45609,31520,31008" machi="130" ten="30,8000,1" yaku="19,1,34,2,52,2" doraHai="57" who="1" fromWho="2" sc="530,0,170,92,340,-82,0,0" /><INIT seed="1,0,0,4,4,37" ten="530,262,258,0" oya="1" hai0="120,114,79,59,130,65,90,73,61,84,49,39,105" hai1="67,57,101,66,54,126,41,111,86,116,50,42,45" hai2="107,122,106,60,64,92,89,46,38,71,56,53,125" hai3=""/><U128/><E116/><V58/><N who="2" m="31264" /><V82/><F125/><T34/><N who="0" m="30752" /><T36/><D114/><U129/><E101/><V123/><N who="2" m="31520" /><V88/><F82/><T72/><D105/><U109/><E86/><V35/><F35/><T102/><D102/><U75/><E75/><V33/><F33/><T51/><D130/><N who="1" m="50283" /><E126/><V80/><F80/><T3/><D3/><U40/><E45/><V117/><F117/><T52/><D34/><U85/><E85/><V91/><F92/><T98/><D98/><U124/><E124/><V1/><F1/><T97/><D97/><U70/><E70/><V87/><F87/><T78/><D73/><U94/><E94/><V81/><F81/><T108/><D72/><U47/><E47/><V132/><F132/><T69/><D78/><U103/><E103/><V127/><F127/><T104/><D79/><U0/><E0/><V121/><N who="2" m="31008" /><V83/><F83/><T55/><D104/><U77/><E77/><V2/><F2/><T96/><D96/><U32/><E32/><V118/><F118/><T115/><D84/><U134/><E134/><V63/><F107/><T44/><D90/><U110/><AGARI ba="0,0" hai="40,41,42,50,54,57,66,67,109,110,111" m="50283" machi="110" ten="40,16000,3" yaku="14,1,10,1,19,1,34,2,52,3" doraHai="37" who="1" fromWho="1" sc="530,-80,262,160,258,-80,0,0" /><INIT seed="1,1,0,0,2,44" ten="450,422,178,0" oya="1" hai0="42,90,72,134,54,68,1,45,131,123,33,128,119" hai1="113,116,87,51,124,57,59,3,47,74,114,76,37" hai2="105,35,79,49,100,56,126,52,125,101,127,81,95" hai3=""/><U107/><E3/><V63/><F35/><T94/><N who="0" m="31520" /><T39/><D33/><U48/><E116/><V61/><F105/><T120/><N who="0" m="30752" /><T117/><D1/><U84/><E107/><V46/><F95/><T53/><D72/><U80/><E37/><V115/><F115/><T64/><D134/><U96/><E96/><V118/><F118/><N who="0" m="45066" /><D64/><U41/><E124/><V133/><F133/><T67/><D67/><U65/><E59/><V77/><F79/><T98/><D68/><U109/><E109/><V50/><F63/><T129/><AGARI ba="1,0" hai="39,42,45,53,54,90,94,98,128,129,131" m="45066,30752,31520" machi="129" ten="40,6000,1" yaku="19,1,12,1,52,2" doraHai="44" who="0" fromWho="0" sc="450,62,422,-41,178,-21,0,0" /><INIT seed="2,0,0,4,2,132" ten="512,381,157,0" oya="2" hai0="40,104,94,84,96,119,44,71,38,45,131,51,116" hai1="128,103,64,106,35,47,108,43,93,48,42,57,53" hai2="0,59,129,110,97,102,127,134,122,114,121,90,34" hai3=""/><V135/><N who="2" m="31008" /><V86/><N who="2" m="31264" /><V52/><F34/><T125/><D71/><U85/><E35/><V56/><F0/><T98/><D125/><U32/><E32/><V39/><F127/><T76/><D131/><U111/><E128/><V3/><F3/><T1/><D1/><U69/><E106/><V61/><F129/><T99/><D104/><U92/><E43/><V100/><F39/><T60/><D60/><U66/><E69/><V118/><F118/><T68/><D68/><U78/><E78/><V105/><F114/><T79/><D79/><U36/><E93/><V91/><F110/><N who="1" m="42025" /><E85/><V67/><F102/><T2/><D2/><U107/><E107/><V41/><F41/><T72/><D72/><U81/><E81/><V70/><F70/><T37/><D38/><U82/><E82/><V130/><F130/><T124/><D124/><U89/><E89/><V133/><F86/><T123/><N who="0" m="31520" /><T87/><D84/><U112/><E112/><V117/><F117/><T63/><D116/><U95/><E95/><V83/><F83/><T115/><D119/><U101/><E101/><V58/><F59/><T62/><D115/><U109/><N who="1" m="42033" /><U73/><DORA hai="65" /><E73/><V77/><F77/><T80/><D94/><RYUUKYOKU ba="0,0" sc="512,0,381,0,157,0,0,0" hai0="37,40,44,45,51,62,63,76,80,87,96,98,99" hai1="36,42,47,48,53,57,64,66,92,103" hai2="52,56,58,61,67,90,91,97,100,105,133,134,135" /><INIT seed="2,1,0,2,2,38" ten="512,381,157,0" oya="2" hai0="119,77,128,132,1,43,135,89,118,108,56,98,54" hai1="70,86,95,116,71,107,47,40,48,64,94,3,84" hai2="58,60,49,52,97,76,90,50,105,117,51,45,113" hai3=""/><V37/><F113/><T73/><D1/><U99/><E3/><V96/><F117/><T66/><D66/><U80/><E116/><V69/><F76/><T111/><D128/><U32/><E32/><V122/><N who="2" m="31264" /><V125/><F125/><T78/><D43/><U115/><E115/><V121/><N who="2" m="31008" /><V59/><F69/><T2/><D2/><U33/><E33/><V0/><F0/><T68/><D68/><U35/><E107/><V131/><F131/><T88/><D56/><U65/><E35/><V39/><F105/><T101/><D54/><U55/><E71/><V82/><F37/><T75/><D98/><N who="2" m="37994" /><F39/><T120/><N who="0" m="30752" /><T130/><D130/><U44/><E70/><V34/><F34/><T79/><D78/><U129/><E129/><V63/><F82/><T72/><D73/><U87/><E80/><V109/><F109/><T85/><D101/><U74/><E74/><V106/><F106/><T133/><D135/><U81/><E81/><V100/><F100/><T103/><D103/><U92/><REACH who="1" step="1"/><E99/><REACH who="1" ten="512,371,157,0" step="2"/><V93/><F93/><T110/><D111/><U41/><E41/><V134/><F134/><T42/><D42/><U112/><E112/><V126/><F126/><T102/><D102/><U62/><E62/><RYUUKYOKU ba="1,1" sc="512,10,371,10,157,-20,0,0" hai0="72,75,77,79,85,88,89,108,110,118,119,132,133" hai1="40,44,47,48,55,64,65,84,86,87,92,94,95" /><INIT seed="4,2,1,5,5,132" ten="522,381,137,0" oya="0" hai0="98,48,33,74,49,76,77,126,69,46,63,64,52" hai1="71,95,57,34,108,122,81,120,2,53,92,130,37" hai2="65,40,128,51,107,38,3,75,36,134,110,85,72" hai3=""/><T87/><D74/><U44/><N who="1" m="30752" /><U88/><N who="1" m="31264" /><U42/><E2/><V68/><F134/><T119/><D119/><U62/><E34/><V60/><F110/><T102/><D33/><U93/><E108/><V123/><N who="2" m="31520" /><V129/><F3/><T90/><D126/><U97/><E130/><V109/><F107/><T103/><D103/><U117/><E117/><V115/><F109/><T116/><D116/><U35/><E35/><V45/><F85/><T112/><D112/><U78/><REACH who="1" step="1"/><E71/><REACH who="1" ten="522,371,137,0" step="2"/><V59/><F128/><T82/><REACH who="0" step="1"/><D48/><REACH who="0" ten="512,371,137,0" step="2"/><U79/><E79/><V106/><F51/><T61/><D61/><U104/><E104/><AGARI ba="2,3" hai="46,49,52,63,64,69,76,77,82,87,90,98,102,104" machi="104" ten="30,5800,0" yaku="1,1,7,1,54,1,53,0" doraHai="132" doraHaiUra="32" who="0" fromWho="1" sc="512,92,371,-62,137,0,0,0" /><INIT seed="4,3,0,2,0,54" ten="604,309,137,0" oya="0" hai0="48,44,42,79,135,104,40,35,133,70,73,115,97" hai1="56,33,37,57,83,106,78,92,89,84,105,107,121" hai2="3,72,100,131,68,46,63,51,52,60,45,39,132" hai3=""/><T49/><D35/><U43/><N who="1" m="31008" /><U1/><E33/><V32/><F3/><T47/><D79/><U123/><N who="1" m="31520" /><U53/><E1/><V55/><F32/><T128/><D73/><U88/><E89/><V108/><F72/><T119/><D119/><U90/><E90/><V2/><F2/><T77/><D77/><U120/><N who="1" m="30752" /><U126/><E126/><V65/><F100/><T74/><D74/><U125/><E125/><V122/><N who="2" m="31264" /><V86/><F86/><T118/><D118/><U96/><REACH who="1" step="1"/><E53/><REACH who="1" ten="604,299,137,0" step="2"/><V62/><F108/><T59/><D133/><U85/><E85/><V82/><F132/><T94/><D135/><U0/><E0/><V124/><F124/><T114/><D115/><U110/><E110/><V98/><F98/><T36/><D114/><U58/><E58/><V101/><F101/><T113/><D59/><U80/><E80/><V95/><F82/><T75/><D113/><U130/><E130/><V76/><F131/><T50/><D128/><U127/><E127/><V102/><F102/><T71/><D75/><U41/><E41/><V69/><F76/><T103/><D42/><U61/><E61/><V66/><F62/><T111/><D111/><U134/><E134/><V112/><F112/><RYUUKYOKU ba="3,1" sc="604,-10,299,20,137,-10,0,0" hai1="37,43,56,57,78,83,84,88,92,96,105,106,107" /><INIT seed="5,4,1,4,4,128" ten="594,319,127,0" oya="1" hai0="53,135,129,116,127,52,39,110,92,75,97,100,94" hai1="35,118,71,60,82,65,68,90,108,41,77,73,95" hai2="69,70,131,111,76,78,126,101,81,120,72,2,0" hai3=""/><U117/><E35/><V104/><N who="2" m="30752" /><V122/><N who="2" m="31264" /><V87/><F131/><T43/><D129/><U98/><E108/><V42/><F111/><T55/><D110/><U40/><REACH who="1" step="1"/><E71/><REACH who="1" ten="594,309,127,0" step="2"/><V37/><F70/><T58/><D116/><AGARI ba="4,2" hai="40,41,60,65,68,73,77,82,90,95,98,116,117,118" machi="116" ten="40,3900,0" yaku="1,1,2,1,53,0" doraHai="128" doraHaiUra="102" who="1" fromWho="0" sc="594,-47,309,67,127,0,0,0" /><INIT seed="5,5,0,1,1,105" ten="547,376,127,0" oya="1" hai0="121,47,87,129,41,122,62,124,72,70,45,85,89" hai1="78,65,68,51,48,95,112,81,0,59,93,110,86" hai2="131,125,83,36,82,61,88,104,71,56,79,1,33" hai3=""/><U35/><E35/><V63/><F131/><T118/><N who="0" m="31008" /><T67/><N who="0" m="31264" /><T133/><D129/><U127/><E0/><V115/><F125/><T102/><D124/><U44/><E127/><V52/><F104/><T34/><D34/><U117/><E117/><V106/><F106/><T103/><D133/><U32/><E32/><V90/><F1/><T119/><D72/><U66/><E110/><V108/><F108/><T107/><D47/><U99/><E68/><V111/><F111/><T134/><D134/><U113/><E51/><V42/><F115/><N who="1" m="44105" /><E59/><V49/><F33/><T116/><D107/><U58/><E58/><V76/><F71/><T2/><D2/><U50/><E50/><V3/><F3/><T40/><D40/><U55/><E93/><V64/><F36/><T69/><D70/><U43/><E43/><V132/><F132/><T98/><D41/><U101/><AGARI ba="5,0" hai="44,48,55,65,66,78,81,86,95,99,101" m="44105" machi="101" ten="30,1000,0" yaku="15,1" doraHai="105" who="1" fromWho="1" sc="547,-10,376,20,127,-10,0,0" /><INIT seed="5,6,0,5,0,95" ten="537,396,117,0" oya="1" hai0="93,88,99,132,51,120,62,74,117,119,33,79,100" hai1="52,103,46,80,41,110,58,91,113,97,3,49,54" hai2="56,85,131,61,87,34,111,59,38,114,65,66,55" hai3=""/><U0/><E113/><V116/><F131/><T122/><N who="0" m="30752" /><T125/><N who="0" m="31264" /><T128/><D128/><U69/><E69/><V1/><F114/><T129/><D129/><U112/><E112/><V43/><F111/><T63/><D125/><U68/><E68/><V77/><F116/><N who="0" m="44618" /><D132/><U98/><E110/><V92/><F34/><T127/><D127/><U106/><E54/><V71/><F1/><T135/><D135/><U70/><E70/><V32/><F32/><T126/><D126/><U89/><E89/><V39/><F71/><T86/><D51/><U2/><E98/><V37/><F85/><T64/><D33/><U47/><REACH who="1" step="1"/><E41/><REACH who="1" ten="537,386,117,0" step="2"/><V83/><F43/><T48/><D64/><U121/><N who="1" m="31008" /><U42/><E42/><V82/><F65/><T78/><D79/><U109/><E109/><V96/><F77/><T75/><D78/><U81/><E81/><V76/><F83/><T67/><D67/><U94/><E94/><V40/><F40/><T118/><D118/><U105/><E105/><V50/><REACH who="2" step="1"/><F38/><REACH who="2" ten="537,386,107,0" step="2"/><T44/><D93/><U73/><E73/><V45/><F45/><T90/><D75/><U53/><E53/><V60/><F60/><T102/><D74/><U115/><E115/><V134/><F134/><RYUUKYOKU ba="6,2" sc="537,-20,386,10,107,10,0,0" hai1="0,2,3,46,47,49,52,58,80,91,97,103,106" hai2="37,39,50,55,56,59,61,66,76,82,87,92,96" /><INIT seed="5,7,2,0,4,48" ten="517,396,117,0" oya="1" hai0="68,118,112,117,32,93,105,133,111,90,66,75,74" hai1="106,70,54,64,69,41,115,49,81,3,44,114,92" hai2="34,47,82,84,120,125,80,50,0,123,134,73,86" hai3=""/><U89/><E3/><V42/><N who="2" m="30752" /><V108/><N who="2" m="31520" /><V37/><F108/><T79/><D111/><U122/><N who="1" m="31264" /><U129/><E106/><V83/><F34/><T91/><D32/><U60/><E129/><V107/><F0/><T36/><D105/><U113/><E81/><V109/><F109/><T126/><D36/><U35/><E35/><V104/><F134/><T94/><D133/><U127/><E127/><V103/><F125/><T101/><D126/><U132/><E132/><V61/><F73/><T88/><D112/><U63/><E63/><V39/><F39/><T51/><D51/><U52/><E69/><V87/><F103/><T72/><D79/><U62/><E62/><V55/><REACH who="2" step="1"/><F61/><REACH who="2" ten="517,396,107,0" step="2"/><T67/><D101/><U121/><N who="1" m="31008" /><U38/><E38/><V53/><F53/><T95/><D68/><U43/><E54/><V119/><F119/><AGARI ba="7,3" hai="66,67,72,74,75,88,90,91,93,94,95,117,118,119" machi="119" ten="50,12000,2" yaku="29,2,28,2,12,1,54,1" doraHai="48" who="0" fromWho="2" sc="517,164,396,0,107,-134,0,0" owari="681,63.0,396,0.0,-27,-63.0,0,0.0" /></mjloggm>