<mjloggm ver="2.3"><GO type="169" lobby="0"/><UN n0="%E3%83%AA%E3%83%81%E3%83%A3%21%21" n1="%E6%96%87%E5%9B%9B%E9%83%8E" n2="%E3%82%A2%E3%83%8B%E3%83%A1%E5%A5%BD%E3%81%8D%E3%81%AA%E8%AA%B0%E3%81%8B" n3="%6B%69%79%6F%6E%61%72%69" dan="17,17,17,16" rate="2157.55,2164.63,2160.82,2079.79" sx="M,M,M,M"/><TAIKYOKU oya="0"/><INIT seed="0,0,0,3,4,33" ten="250,250,250,250" oya="0" hai0="135,92,97,16,91,132,22,7,32,83,111,134,53" hai1="119,122,51,96,42,9,88,20,100,121,129,38,85" hai2="48,127,98,49,54,31,64,103,90,5,69,47,113" hai3="95,70,46,60,65,6,61,72,39,105,21,133,67"/><T57/><D111/><U19/><E119/><V130/><F113/><W77/><G105/><T15/><D32/><U56/><E38/><V11/><F130/><W110/><G110/><T23/><D7/><U43/><E129/><V107/><F127/><W106/><G106/><T12/><D83/><N who="1" m="49215" /><E9/><V124/><F124/><W71/><G6/><T82/><D82/><U41/><E122/><V1/><F31/><W4/><G77/><T73/><D73/><U126/><E126/><V78/><F78/><W45/><G72/><T3/><D3/><U52/><E121/><V131/><F131/><W86/><G133/><T13/><REACH who="0" step="1"/><D23/><REACH who="0" ten="240,250,250,250" step="2"/><U114/><E114/><V128/><F5/><W76/><G21/><T29/><D29/><U66/><E66/><V109/><F1/><W120/><G67/><T58/><D58/><U27/><E100/><V74/><F103/><W68/><G65/><T75/><D75/><U10/><E10/><V63/><F11/><W28/><G28/><T123/><D123/><U93/><E93/><V37/><F74/><W118/><G95/><T17/><D17/><U50/><E96/><V116/><F98/><W115/><G120/><T84/><D84/><U81/><E81/><V34/><F109/><W30/><G86/><T62/><AGARI ba="0,1" hai="12,13,15,16,22,53,57,62,91,92,97,132,134,135" machi="62" ten="30,12000,1" yaku="1,1,0,1,20,1,54,1,53,1" doraHai="33" doraHaiUra="18" who="0" fromWho="0" sc="240,130,250,-40,250,-40,250,-40" /><INIT seed="0,1,0,5,3,26" ten="370,210,210,210" oya="0" hai0="95,25,79,116,19,113,7,57,45,22,131,3,49" hai1="64,133,104,81,123,42,71,50,122,37,93,73,27" hai2="59,80,86,84,47,32,99,108,0,91,120,20,5" hai3="117,105,87,126,83,8,111,58,17,44,109,4,36"/><T40/><D113/><U13/><E104/><V62/><F120/><W46/><G105/><T55/><D116/><U38/><E133/><V129/><F32/><W74/><G117/><T1/><D131/><U11/><E93/><V43/><F129/><W82/><G126/><T31/><D79/><U68/><E50/><V23/><F108/><N who="3" m="41547" /><G36/><T39/><D7/><U67/><E27/><V60/><F99/><W92/><G17/><T9/><REACH who="0" step="1"/><D95/><REACH who="0" ten="360,210,210,210" step="2"/><U132/><E123/><V72/><F5/><W10/><G92/><T128/><D128/><U28/><E122/><V114/><F114/><W100/><G4/><T115/><D115/><U107/><E107/><V70/><F80/><W102/><G83/><T89/><D89/><U69/><E81/><V29/><F91/><W41/><G82/><T6/><D6/><U98/><E73/><V14/><F72/><W65/><G74/><T77/><D77/><U101/><E101/><V96/><F0/><W24/><G102/><T94/><D94/><U34/><E98/><V121/><F96/><W134/><G100/><T61/><D61/><U88/><E88/><V16/><F121/><W33/><G87/><T66/><D66/><U15/><E67/><N who="2" m="39327" /><F84/><W135/><G65/><T103/><D103/><U85/><E64/><N who="2" m="41239" /><F86/><W12/><G135/><T51/><D51/><U53/><E132/><V90/><F90/><W76/><G134/><T56/><D56/><U118/><E85/><V119/><F119/><W21/><G58/><T2/><D2/><U78/><E118/><V54/><F47/><W48/><G46/><T30/><D30/><RYUUKYOKU ba="1,1" sc="360,30,210,-10,210,-10,210,-10" hai0="1,3,9,19,22,25,31,39,40,45,49,55,57" /><INIT seed="0,2,1,4,3,102" ten="390,200,200,200" oya="0" hai0="48,19,60,134,55,47,80,54,13,72,67,94,33" hai1="100,53,9,98,37,120,12,0,22,131,130,117,66" hai2="44,97,29,95,133,105,15,28,135,2,104,78,79" hai3="90,3,27,103,39,119,99,71,76,6,14,4,127"/><T21/><D134/><N who="2" m="51210" /><F2/><W8/><G39/><T114/><D114/><U64/><E117/><V57/><F57/><W26/><G71/><T18/><D33/><U73/><E120/><V42/><F15/><W74/><G119/><T110/><D110/><U85/><E73/><V7/><F7/><W75/><G90/><T30/><D30/><N who="2" m="11882" /><F79/><W11/><G127/><T106/><D94/><U34/><E0/><V70/><F78/><W68/><G68/><T41/><D106/><N who="2" m="41066" /><F70/><W112/><G76/><T82/><D72/><U16/><E34/><V113/><F113/><W115/><G75/><T52/><D18/><U92/><E16/><V84/><F84/><W31/><G74/><T123/><D123/><U45/><E85/><V35/><F35/><W132/><G132/><T124/><D124/><U101/><E12/><V88/><F44/><W50/><G14/><T91/><D13/><U126/><E45/><V107/><N who="2" m="41074" /><V61/><DORA hai="10" /><F42/><W23/><G6/><T51/><D47/><U96/><E126/><V65/><F65/><W129/><G4/><T121/><D41/><U116/><E66/><V58/><F58/><W25/><G3/><T46/><D67/><U81/><E64/><V77/><F77/><W62/><G112/><T93/><D46/><U63/><E116/><V17/><F17/><W32/><G32/><T109/><D19/><U43/><E43/><V38/><F61/><W59/><G62/><T122/><D60/><U24/><E63/><V20/><F20/><W125/><G23/><T83/><D21/><U49/><E22/><V40/><F40/><RYUUKYOKU ba="2,1" sc="390,-10,200,-10,200,30,200,-10" hai2="38,88,95,97" /><INIT seed="1,3,1,2,1,40" ten="380,190,230,190" oya="1" hai0="35,85,129,127,43,76,53,24,65,122,58,123,54" hai1="42,100,104,121,63,133,48,96,128,46,92,49,101" hai2="5,91,108,52,112,83,97,87,9,120,67,7,132" hai3="66,47,69,86,21,6,38,0,95,75,74,17,26"/><U34/><E121/><N who="0" m="46089" /><D129/><U82/><E34/><V117/><F120/><W50/><G38/><T131/><D43/><U77/><E128/><V32/><F117/><W22/><G69/><T99/><D127/><U25/><E133/><V45/><F32/><W126/><G66/><T115/><D115/><U94/><E25/><V15/><F112/><W41/><G126/><T30/><D99/><U64/><E49/><N who="2" m="28719" /><F132/><W19/><G6/><N who="2" m="2057" /><F108/><W61/><G0/><T59/><D131/><U39/><E39/><V71/><F71/><W118/><G61/><N who="0" m="38079" /><D58/><U98/><E104/><V44/><F67/><W13/><REACH who="3" step="1"/><G118/><REACH who="3" ten="380,190,230,180" step="2"/><T107/><D107/><U3/><E3/><V78/><F44/><W1/><G1/><T33/><D33/><U84/><E64/><V135/><F135/><W4/><G4/><T116/><D116/><U70/><E70/><V130/><F130/><W90/><AGARI ba="3,2" hai="13,17,19,21,22,26,41,47,50,74,75,86,90,95" machi="90" ten="30,4000,0" yaku="1,1,0,1,52,1,53,0" doraHai="40" doraHaiUra="111" who="3" fromWho="3" sc="380,-13,190,-23,230,-13,180,69" /><INIT seed="2,0,0,1,4,68" ten="367,167,217,249" oya="2" hai0="17,67,46,130,10,121,18,131,11,9,54,63,135" hai1="23,122,45,108,75,4,81,87,16,71,134,92,93" hai2="41,89,27,33,91,88,64,110,78,102,20,57,95" hai3="38,65,39,106,104,116,48,6,26,119,49,47,60"/><V30/><F110/><W31/><G6/><T51/><D121/><U29/><E71/><V32/><F78/><W7/><G7/><T14/><D135/><U86/><E75/><V117/><F117/><N who="3" m="45131" /><G26/><T22/><REACH who="0" step="1"/><D18/><REACH who="0" ten="357,167,217,249" step="2"/><U13/><E134/><V79/><F79/><W111/><G111/><T0/><D0/><U124/><E108/><V105/><F105/><W59/><G106/><T19/><D19/><U12/><E122/><V113/><F113/><W50/><G104/><T118/><D118/><U52/><E124/><V37/><F95/><W129/><G31/><T69/><AGARI ba="0,1" hai="9,10,11,14,17,22,46,51,54,63,67,69,130,131" machi="69" ten="30,2000,0" yaku="1,1,0,1,53,0" doraHai="68" doraHaiUra="101" who="0" fromWho="0" sc="357,30,167,-5,217,-10,249,-5" /><INIT seed="3,0,0,2,4,36" ten="387,162,207,244" oya="3" hai0="28,89,104,79,93,47,51,65,53,105,62,80,91" hai1="84,127,46,103,21,41,87,102,64,50,33,100,106" hai2="75,123,38,72,71,92,58,29,69,82,45,121,30" hai3="39,101,131,10,130,3,2,44,54,135,49,37,5"/><W108/><G3/><T95/><D28/><N who="2" m="10858" /><F92/><W59/><G135/><T76/><D93/><U60/><E33/><V120/><F58/><W125/><G125/><T74/><D79/><U109/><E127/><V118/><F118/><W86/><G101/><T124/><D91/><U34/><E34/><V96/><F96/><W134/><G134/><T1/><D1/><U119/><E119/><V97/><F97/><W78/><G108/><T25/><D25/><U111/><E106/><V16/><F16/><W57/><G57/><T26/><D26/><U7/><E7/><V133/><F133/><W6/><G6/><T35/><D35/><U63/><E21/><V8/><F8/><W83/><REACH who="3" step="1"/><G59/><REACH who="3" ten="387,162,207,234" step="2"/><T48/><D124/><U107/><E107/><V85/><F71/><W55/><G55/><T113/><D105/><U77/><E111/><V13/><F69/><W27/><G27/><T122/><D104/><U19/><E109/><V17/><F13/><W98/><G98/><T0/><D0/><U18/><E64/><V126/><F126/><W61/><G61/><T20/><D62/><U115/><E63/><V12/><F12/><W43/><G43/><T42/><D65/><U132/><E60/><V32/><F121/><W22/><G22/><T128/><D122/><U31/><E132/><V81/><F123/><W15/><G15/><T70/><D20/><U116/><E103/><V117/><F120/><W68/><G68/><T9/><D70/><U99/><E100/><V114/><F32/><W110/><G110/><T24/><D24/><U56/><E102/><V4/><F4/><RYUUKYOKU ba="0,1" sc="387,-10,162,-10,207,-10,234,30" hai3="2,5,10,37,39,44,49,54,78,83,86,130,131" /><INIT seed="3,1,1,1,5,30" ten="377,152,197,264" oya="3" hai0="7,43,12,103,132,20,40,63,111,130,39,118,17" hai1="64,11,73,127,92,57,9,108,68,70,58,29,72" hai2="52,34,42,33,86,36,54,93,109,112,28,84,67" hai3="5,104,105,96,123,79,89,50,95,102,83,85,125"/><W87/><G5/><T76/><D118/><U37/><E37/><V126/><F112/><W26/><G26/><T32/><D111/><U3/><E108/><V131/><F109/><W75/><G50/><T135/><D130/><U81/><E127/><V129/><F126/><W74/><G125/><T124/><D124/><U106/><E106/><N who="3" m="41066" /><G123/><T119/><D32/><N who="2" m="12394" /><F28/><W48/><G48/><T61/><D119/><U31/><E92/><AGARI ba="1,1" hai="74,75,79,83,85,87,89,92,95,96,102" m="41066" machi="92" ten="30,12000,1" yaku="35,5" doraHai="30" who="3" fromWho="1" sc="377,0,152,-123,197,0,264,133" /><INIT seed="3,2,0,1,1,117" ten="377,29,197,397" oya="3" hai0="67,31,53,102,129,63,108,47,80,103,46,34,81" hai1="70,83,64,69,100,56,27,38,49,14,19,111,21" hai2="2,124,122,113,33,104,128,24,5,119,101,114,48" hai3="10,43,88,51,96,98,120,15,109,72,45,74,12"/><W123/><G109/><T59/><D108/><U7/><E111/><V36/><RYUUKYOKU type="yao9" ba="2,0" sc="377,0,29,0,197,0,397,0" hai2="2,5,24,33,36,48,101,104,113,114,119,122,124,128" /><INIT seed="3,3,0,0,0,52" ten="377,29,197,397" oya="3" hai0="117,112,118,67,29,51,121,132,13,3,63,49,120" hai1="4,8,74,113,28,48,88,135,7,87,9,99,37" hai2="127,57,68,39,17,41,72,114,56,15,53,124,81" hai3="2,110,38,22,64,61,85,11,128,65,25,59,106"/><W107/><G38/><T116/><D3/><U46/><E113/><V82/><F114/><W103/><G65/><T66/><D112/><U70/><E37/><V36/><F68/><W77/><G128/><T1/><D1/><U133/><E74/><V115/><F115/><W31/><G110/><T125/><D29/><U134/><E70/><V111/><F111/><W34/><G103/><T79/><D79/><U75/><E75/><V96/><F96/><W55/><G34/><T130/><D13/><U105/><E28/><V23/><F72/><W104/><G64/><N who="0" m="24619" /><D130/><U92/><E105/><V45/><F39/><W94/><G94/><T126/><D63/><U62/><E62/><V108/><F108/><W30/><G30/><T54/><D132/><U84/><E9/><V32/><F32/><W83/><REACH who="3" step="1"/><G107/><REACH who="3" ten="377,29,197,387" step="2"/><T50/><D54/><N who="1" m="29975" /><E7/><AGARI ba="3,1" hai="2,7,11,22,25,31,55,59,61,77,83,85,104,106" machi="7" ten="40,7700,0" yaku="1,1,52,1,53,1" doraHai="52" doraHaiUra="26" who="3" fromWho="1" sc="377,0,29,-86,197,0,387,96" owari="377,18.0,-57,-56.0,197,-20.0,483,58.0" /></mjloggm>