<mjloggm ver="2.3"><GO type="169" lobby="0"/><UN n0="%E3%82%A2%E3%83%AB%E3%83%86%E3%83%9F%E3%82%B9" n1="%E9%9B%B7%E7%A5%9E%E9%AD%94%E7%90%86%E6%B2%99" n2="%E3%82%BF%E3%82%B1%E3%83%A4%E3%83%9E" n3="%E3%81%BF%E3%81%8B%E3%82%93%EF%BC%A0%E3%82%8F%E3%81%8B%E3%82%81%E3%81%A6" dan="17,16,17,17" rate="2187.15,2179.62,2194.54,2281.01" sx="M,F,M,M"/><TAIKYOKU oya="0"/><INIT seed="0,0,0,2,5,50" ten="250,250,250,250" oya="0" hai0="0,23,12,3,126,2,57,47,64,84,75,17,53" hai1="88,106,7,127,104,69,6,135,4,79,28,86,39" hai2="68,114,44,119,129,38,48,131,49,107,117,98,66" hai3="89,109,26,97,56,113,43,133,59,18,81,99,101"/><T116/><D116/><N who="2" m="44618" /><F107/><W96/><G113/><T52/><D75/><U121/><E121/><V102/><F102/><W94/><G109/><T16/><D126/><U11/><E39/><V20/><F20/><N who="3" m="13591" /><G133/><T34/><D34/><U60/><E135/><V10/><F10/><W55/><G43/><T14/><D84/><U54/><E127/><V72/><F98/><N who="3" m="37995" /><G55/><T46/><D64/><U36/><E36/><V115/><F72/><W37/><G37/><T110/><D110/><U42/><E42/><N who="2" m="22615" /><F66/><W45/><G45/><T112/><D112/><N who="2" m="43050" /><F68/><W103/><G103/><T19/><D23/><U82/><E69/><V92/><F92/><N who="3" m="58599" /><G81/><T13/><D57/><N who="1" m="34871" /><E106/><V31/><F31/><W41/><G41/><T65/><D65/><U118/><E104/><V108/><F108/><W76/><G76/><T27/><D27/><U21/><E118/><V22/><F22/><W95/><G95/><T51/><D0/><U130/><E79/><V105/><F105/><W100/><G100/><T71/><D71/><U9/><E28/><V83/><F83/><W93/><G93/><T77/><D77/><U5/><E21/><V74/><F74/><W111/><G111/><T33/><D33/><U85/><E85/><AGARI ba="0,0" hai="56,59,85,89,94" m="58599,37995,13591" machi="85" ten="30,1000,0" yaku="8,1" doraHai="50" who="3" fromWho="1" sc="250,0,250,-10,250,0,250,10" /><INIT seed="1,0,0,0,1,53" ten="250,240,250,260" oya="1" hai0="6,68,106,28,80,82,55,114,132,93,47,36,19" hai1="61,77,90,35,43,134,39,16,29,85,112,73,98" hai2="111,107,67,20,9,15,72,86,74,21,63,128,1" hai3="56,97,24,91,92,119,34,75,78,76,17,4,135"/><U89/><E112/><V66/><F107/><W5/><G135/><T94/><D106/><U60/><E134/><V54/><F128/><W65/><G119/><T11/><D132/><U104/><E29/><V127/><F111/><W110/><G110/><T101/><D68/><U121/><E35/><V62/><F1/><W122/><G122/><T87/><D114/><U99/><E121/><V12/><F54/><W10/><G34/><T130/><D28/><U71/><E43/><V57/><F86/><W133/><G133/><T95/><D101/><U44/><E39/><V49/><F49/><W3/><G75/><T50/><D130/><U42/><E42/><V48/><F48/><W125/><G125/><T108/><D108/><U25/><E44/><V33/><F33/><W0/><G0/><T14/><D36/><U109/><E73/><V113/><F113/><W58/><G65/><T52/><D55/><U103/><E71/><V100/><F100/><W40/><G40/><T2/><REACH who="0" step="1"/><D87/><REACH who="0" ten="240,240,250,260" step="2"/><U8/><E104/><V115/><F115/><W27/><G97/><T79/><D79/><U131/><E131/><V30/><F30/><W120/><G78/><T7/><D7/><U116/><E109/><V117/><F127/><W45/><G76/><T129/><D129/><U18/><E103/><V83/><F117/><W51/><G5/><T88/><D88/><U23/><E116/><V46/><F74/><W41/><G120/><T69/><D69/><U123/><E123/><V59/><F72/><W38/><G38/><T118/><D118/><U13/><E89/><V26/><F67/><RYUUKYOKU ba="0,1" sc="240,30,240,-10,250,-10,260,-10" hai0="2,6,11,14,19,47,50,52,80,82,93,94,95" /><INIT seed="2,1,1,3,0,47" ten="270,230,240,250" oya="2" hai0="83,99,59,124,86,37,88,118,125,11,48,15,36" hai1="1,103,62,100,58,116,27,75,93,112,31,128,66" hai2="68,69,127,9,67,122,40,111,18,6,5,126,105" hai3="32,71,4,17,87,107,129,117,38,79,54,98,61"/><V19/><F105/><W33/><G117/><T131/><D118/><U132/><E116/><V7/><F122/><W16/><G38/><T55/><D131/><U101/><E112/><V96/><F67/><W119/><G119/><T0/><D0/><U64/><E128/><V114/><F9/><W115/><G129/><T10/><D10/><U65/><E75/><V94/><F40/><W123/><G123/><T134/><D99/><U91/><E1/><V113/><F111/><W120/><G120/><T28/><D28/><U106/><E106/><V76/><F76/><W14/><G115/><N who="2" m="44041" /><F94/><W97/><G71/><N who="2" m="27209" /><F96/><N who="3" m="36971" /><G107/><T25/><D25/><U104/><E132/><V56/><F56/><N who="3" m="34967" /><G32/><T42/><D134/><U35/><E104/><V102/><F102/><W30/><G30/><T84/><D84/><U109/><E109/><V24/><F24/><W130/><G33/><T50/><D37/><U72/><E72/><V49/><F49/><N who="0" m="19050" /><D42/><U77/><E35/><V26/><F26/><W63/><G130/><T78/><D78/><U13/><E77/><V89/><F89/><W108/><G108/><T3/><D3/><U135/><E135/><V41/><F41/><W92/><G79/><T12/><D36/><U52/><E27/><V46/><F46/><W57/><G87/><T80/><D80/><U43/><E31/><V2/><F2/><W22/><G92/><T70/><D70/><U23/><E43/><V21/><F21/><W110/><G110/><T74/><D74/><U81/><E81/><V95/><F95/><W29/><G29/><T34/><D34/><U39/><E39/><RYUUKYOKU ba="1,1" sc="270,-10,230,-10,240,30,250,-10" hai2="5,6,7,18,19,126,127" /><INIT seed="2,2,1,4,1,56" ten="260,220,270,240" oya="2" hai0="40,79,115,91,24,49,3,58,5,4,8,44,13" hai1="1,42,114,102,53,62,39,83,7,90,9,45,31" hai2="97,113,21,106,55,33,26,108,65,99,51,124,18" hai3="118,68,92,67,81,71,20,25,64,119,94,15,34"/><V17/><F113/><W73/><G34/><T128/><D115/><U59/><E114/><V76/><F124/><W107/><G107/><T130/><D79/><U6/><E31/><V111/><F33/><W127/><G127/><T125/><D125/><U74/><E102/><V14/><F76/><W19/><G73/><T116/><D116/><U52/><E7/><V63/><F106/><W35/><G81/><T134/><D134/><U120/><E120/><V2/><F2/><W121/><G121/><T84/><D24/><U66/><REACH who="1" step="1"/><E90/><REACH who="1" ten="260,210,270,240" step="2"/><V78/><F78/><AGARI ba="2,2" hai="1,6,9,39,42,45,52,53,59,62,66,74,78,83" machi="78" ten="40,12000,2" yaku="1,1,2,1,25,2,52,1,54,1,53,0" doraHai="56" doraHaiUra="12" who="1" fromWho="2" sc="260,0,210,146,270,-126,240,0" /><INIT seed="3,0,0,2,3,67" ten="260,356,144,240" oya="3" hai0="125,52,50,118,98,104,11,96,103,53,1,82,80" hai1="90,59,39,117,18,131,133,97,20,123,119,12,109" hai2="128,45,73,66,129,25,13,78,89,41,23,72,49" hai3="35,87,0,10,120,36,43,56,84,64,116,75,3"/><W79/><G116/><N who="1" m="44618" /><E123/><V127/><F127/><W85/><G120/><T14/><D1/><U27/><E109/><V57/><F13/><W102/><G102/><T65/><D125/><U46/><E131/><V107/><F107/><W134/><G134/><T42/><D118/><U112/><E133/><V62/><F89/><W114/><G114/><T121/><D121/><U26/><E112/><V71/><F57/><W68/><G56/><T2/><D2/><U122/><E122/><V22/><F22/><W6/><G3/><T69/><D98/><U126/><E126/><V24/><F24/><W30/><G85/><T115/><D115/><U70/><E70/><V83/><REACH who="2" step="1"/><F72/><REACH who="2" ten="260,356,134,240" step="2"/><W54/><G75/><T108/><D108/><U47/><E59/><V88/><F88/><W4/><G79/><T17/><D69/><U51/><E90/><V94/><F94/><W38/><G0/><T124/><D124/><U100/><E12/><V95/><F95/><W7/><G35/><T29/><D104/><U61/><E20/><V76/><F76/><W105/><G105/><T21/><D21/><U9/><E27/><V92/><F92/><W113/><G113/><T44/><D14/><U48/><E26/><V16/><AGARI ba="0,1" hai="16,23,25,41,45,49,62,66,71,73,78,83,128,129" machi="16" ten="30,7900,0" yaku="1,1,0,1,52,1,54,1,53,0" doraHai="67" doraHaiUra="81" who="2" fromWho="2" sc="260,-20,356,-20,134,89,240,-39" /><INIT seed="4,0,0,5,2,64" ten="240,336,223,201" oya="0" hai0="69,132,35,121,30,133,50,71,110,57,84,18,43" hai1="76,80,95,40,12,108,6,131,49,48,135,3,88" hai2="8,87,86,125,126,72,91,79,90,28,107,5,111" hai3="63,93,10,9,134,53,100,127,13,128,15,22,42"/><T14/><D121/><U85/><E108/><V32/><F111/><W47/><G127/><N who="2" m="48649" /><F107/><W59/><G128/><T0/><D0/><U104/><E131/><V122/><F122/><W78/><G134/><N who="0" m="51819" /><D110/><U44/><E135/><V116/><F116/><W60/><G78/><T67/><D35/><U81/><E104/><V37/><F37/><W124/><G124/><T56/><D30/><U70/><E3/><V96/><F96/><N who="3" m="59407" /><G63/><N who="0" m="38383" /><D84/><N who="2" m="32298" /><F28/><W74/><G74/><T31/><D31/><U1/><E1/><N who="2" m="47" /><F32/><W115/><G115/><T77/><D77/><U99/><E80/><AGARI ba="0,0" hai="72,79,80,90,91" m="47,32298,48649" machi="80" ten="30,1000,0" yaku="18,1" doraHai="64" who="2" fromWho="1" sc="240,0,336,-10,223,10,201,0" /><INIT seed="5,0,0,0,0,16" ten="240,326,233,201" oya="1" hai0="74,95,73,41,115,121,125,14,135,0,57,75,82" hai1="119,25,52,4,107,116,104,22,127,78,29,40,99" hai2="89,114,97,23,11,56,21,27,112,98,15,10,126" hai3="105,96,62,3,109,48,88,111,24,8,51,72,68"/><U36/><E127/><V132/><F126/><W44/><G72/><T26/><D0/><U5/><E78/><V85/><F132/><W81/><G105/><T7/><D121/><U129/><E129/><V120/><F120/><W58/><G68/><T54/><D41/><U47/><E107/><V2/><F2/><W110/><G24/><T13/><D115/><N who="2" m="44074" /><F56/><W49/><G3/><T18/><D82/><U28/><E28/><V131/><F131/><W66/><G8/><N who="2" m="3113" /><F15/><W102/><G102/><T6/><D125/><U61/><E104/><V64/><F64/><W53/><REACH who="3" step="1"/><G96/><REACH who="3" ten="240,326,233,191" step="2"/><N who="2" m="36969" /><F27/><W35/><G35/><T123/><D26/><U83/><E99/><V113/><F113/><W32/><G32/><T70/><D70/><U59/><REACH who="1" step="1"/><E83/><AGARI ba="0,1" hai="21,23,83,85,89" m="36969,3113,44074" machi="83" ten="30,7700,0" yaku="15,1,11,1,52,2" doraHai="16" who="2" fromWho="1" sc="240,0,326,-77,233,87,191,0" /><INIT seed="6,0,0,4,1,61" ten="240,249,320,191" oya="2" hai0="124,125,128,43,13,46,77,135,49,94,32,123,54" hai1="113,72,8,25,26,20,78,127,55,35,47,93,95" hai2="98,87,92,56,10,71,122,37,75,81,14,0,104" hai3="23,16,68,86,118,88,31,57,39,34,112,133,60"/><V53/><F122/><W134/><G118/><T62/><D32/><U129/><E113/><V116/><F71/><W30/><G39/><T65/><D123/><U117/><E117/><V110/><F116/><W73/><G73/><T4/><D4/><U40/><E129/><V38/><F0/><W3/><G3/><T6/><D77/><U100/><E127/><N who="0" m="48713" /><D94/><U101/><E35/><V97/><F104/><W11/><G68/><N who="0" m="42039" /><D13/><U15/><E72/><V24/><F24/><N who="3" m="14439" /><G11/><T7/><D7/><U27/><E78/><V58/><F110/><W76/><G76/><T131/><D135/><N who="3" m="51721" /><G34/><T79/><D79/><U67/><E25/><V12/><F10/><W107/><G107/><T69/><D69/><U45/><E27/><V108/><F108/><W111/><G112/><T114/><D114/><U29/><E8/><V74/><F92/><N who="3" m="54295" /><G111/><T42/><D6/><U102/><E15/><V2/><F2/><W105/><G105/><T80/><D80/><U130/><E102/><V82/><F87/><W21/><G21/><T36/><D36/><U115/><E101/><V9/><F9/><W48/><G48/><T106/><D106/><U83/><E100/><V85/><F85/><W1/><G1/><T5/><D5/><U99/><E115/><V121/><F121/><W91/><G91/><T66/><D66/><AGARI ba="0,0" hai="30,31,57,60,66" m="54295,51721,14439" machi="66" ten="30,7700,0" yaku="20,1,52,1,54,2" doraHai="61" who="3" fromWho="0" sc="240,-77,249,0,320,0,191,77" /><INIT seed="7,0,0,4,5,88" ten="163,249,320,268" oya="3" hai0="70,72,107,38,23,7,76,33,31,13,130,117,14" hai1="78,40,102,47,82,71,73,5,41,25,110,116,127" hai2="4,111,69,61,97,15,129,101,91,22,6,48,85" hai3="52,128,60,121,67,74,83,39,68,34,64,26,134"/><W125/><G121/><T36/><D107/><U100/><E110/><V119/><F111/><W3/><G3/><T49/><D70/><U63/><E127/><V54/><F119/><W57/><G125/><T113/><D117/><U112/><E116/><V104/><F129/><W37/><G128/><T44/><D130/><U55/><E112/><V2/><F2/><W18/><G134/><T32/><D113/><U92/><E5/><V124/><F124/><W94/><G64/><T28/><D14/><U62/><E25/><V87/><F87/><W77/><G94/><T86/><D72/><U8/><E8/><V96/><F96/><W20/><REACH who="3" step="1"/><G34/><REACH who="3" ten="163,249,320,258" step="2"/><T29/><D32/><U80/><E92/><V84/><F104/><W17/><G17/><T21/><D33/><U131/><E131/><V12/><F4/><W58/><G58/><T90/><D38/><U59/><E80/><V126/><F6/><W81/><G81/><T53/><D36/><U98/><E71/><V79/><F69/><W99/><G99/><T9/><REACH who="0" step="1"/><D76/><REACH who="0" ten="153,249,320,258" step="2"/><U95/><E78/><V45/><F79/><W65/><G65/><T75/><D75/><U24/><E73/><V133/><F126/><W115/><G115/><T19/><D19/><U123/><E123/><V43/><F133/><W56/><G56/><T11/><D11/><U109/><E59/><V50/><F22/><W27/><G27/><T132/><D132/><U135/><E24/><V46/><F15/><W108/><G108/><T35/><D35/><U93/><E109/><V105/><F12/><W16/><G16/><T118/><D118/><RYUUKYOKU ba="0,2" sc="153,15,249,-15,320,-15,258,15" hai0="7,9,13,21,23,28,29,31,44,49,53,86,90" hai3="18,20,26,37,39,52,57,60,67,68,74,77,83" /><INIT seed="7,1,2,0,2,26" ten="168,234,305,273" oya="3" hai0="37,40,33,11,63,52,109,55,30,93,82,98,2" hai1="124,114,92,123,12,28,113,29,4,115,128,75,25" hai2="97,15,119,32,21,39,84,90,72,0,44,57,135" hai3="42,64,130,131,105,87,62,121,9,22,1,19,85"/><W18/><G121/><T120/><D120/><U48/><E75/><V46/><F72/><W89/><G105/><T66/><D109/><U96/><E123/><V129/><F32/><W6/><G42/><T112/><D82/><U77/><E128/><N who="3" m="49194" /><G22/><T86/><D86/><N who="3" m="32777" /><G89/><T16/><D112/><U133/><E124/><V134/><F21/><W54/><G54/><T103/><D40/><U110/><E133/><V125/><F84/><W38/><G38/><T34/><D37/><U106/><E110/><V94/><F90/><W107/><G107/><N who="0" m="63991" /><D34/><U61/><E106/><V118/><F39/><W132/><G132/><T122/><D122/><U51/><E77/><V74/><F74/><W14/><G14/><N who="0" m="7263" /><D2/><U58/><E12/><V69/><F15/><W27/><G27/><N who="0" m="18655" /><D93/><U127/><E4/><V99/><F94/><W8/><G9/><T73/><D73/><U126/><E51/><V5/><F129/><W79/><G79/><T35/><D35/><N who="1" m="20879" /><E48/><V49/><F49/><W91/><G91/><T116/><D116/><U80/><E80/><V23/><F0/><W65/><G18/><T111/><D111/><U50/><E50/><V13/><F119/><W71/><G19/><T102/><D102/><N who="1" m="60679" /><E29/><V7/><F118/><W47/><G47/><T95/><D95/><U43/><E43/><V59/><F46/><W67/><AGARI ba="1,2" hai="1,6,8,62,64,65,67,71" m="32777,49194" machi="67" ten="30,1500,0" yaku="19,1" doraHai="26" who="3" fromWho="3" sc="168,-6,234,-6,305,-6,273,38" owari="162,-34.0,228,-17.0,299,10.0,311,41.0" /></mjloggm>