<mjloggm ver="2.3"><GO type="169" lobby="0"/><UN n0="%41%E7%9F%B3%E6%A9%8B" n1="%43%4C%53" n2="%E9%9D%92%E5%B1%B1%E5%AD%A6%E9%99%A2%EF%BC%94%E5%B9%B4" n3="%73%75%7A%75%6D%65%E3%81%AE%E6%B6%99" dan="16,17,16,16" rate="2144.89,2180.88,2117.20,2064.25" sx="M,M,M,M"/><TAIKYOKU oya="0"/><INIT seed="0,0,0,1,4,66" ten="250,250,250,250" oya="0" hai0="111,35,78,37,124,17,12,104,27,54,28,114,61" hai1="83,22,41,113,10,106,25,39,2,19,47,51,67" hai2="89,53,115,30,16,108,20,131,56,60,7,72,112" hai3="33,15,73,40,99,100,121,90,5,64,6,23,45"/><T49/><D37/><U63/><E113/><V46/><F72/><W69/><G121/><T65/><D104/><U34/><E106/><V32/><F108/><W4/><G73/><T118/><D114/><U91/><E34/><V48/><F131/><W123/><G123/><T135/><D118/><U126/><E126/><V130/><F130/><W103/><G33/><T75/><D124/><U44/><E2/><V98/><F7/><W82/><G69/><T38/><D38/><U110/><E110/><V26/><F89/><W62/><G62/><T93/><D93/><U85/><E10/><V133/><F98/><W107/><G64/><T88/><D111/><U29/><E39/><V71/><F133/><W14/><G23/><T50/><D135/><U81/><E47/><V36/><F36/><W43/><G43/><T21/><D88/><U18/><REACH who="1" step="1"/><E83/><REACH who="1" ten="250,240,250,250" step="2"/><V42/><REACH who="2" step="1"/><F71/><AGARI ba="0,1" hai="18,19,22,25,29,41,44,51,63,67,71,81,85,91" machi="71" ten="30,8000,1" yaku="1,1,2,1,7,1,52,1,53,1" doraHai="66" doraHaiUra="87" who="1" fromWho="2" sc="250,0,240,90,250,-80,250,0" /><INIT seed="1,0,0,2,2,28" ten="250,330,170,250" oya="1" hai0="62,44,87,2,128,77,51,23,0,7,106,56,101" hai1="84,66,124,61,95,81,125,115,21,108,90,22,54" hai2="75,104,118,13,63,18,112,25,120,37,41,113,86" hai3="11,94,91,38,114,64,110,34,67,100,40,97,71"/><U36/><E115/><V4/><F75/><W134/><G110/><T68/><D68/><U26/><E36/><V39/><F118/><W72/><G72/><T69/><D69/><U30/><E108/><V98/><F120/><W10/><G114/><T102/><D23/><U53/><E22/><V88/><F4/><W49/><G38/><T15/><D15/><U85/><E125/><V52/><F25/><W89/><G34/><T55/><D128/><U119/><E119/><V32/><F32/><W132/><G40/><T76/><D106/><U42/><E42/><V3/><F3/><W103/><G49/><T82/><D77/><U45/><E45/><V92/><F39/><W16/><G71/><T126/><D126/><U47/><E47/><V58/><F41/><W14/><G10/><T96/><D7/><U70/><REACH who="1" step="1"/><E124/><REACH who="1" ten="250,320,170,250" step="2"/><V107/><F37/><W109/><G109/><T80/><D44/><U33/><E33/><V93/><F113/><W83/><G11/><T5/><D51/><U35/><E35/><V9/><REACH who="2" step="1"/><F112/><REACH who="2" ten="250,320,160,250" step="2"/><W19/><G132/><T133/><D133/><U65/><E65/><V24/><F24/><W117/><G134/><T46/><D46/><U74/><E74/><V111/><F111/><W59/><G64/><T8/><D55/><U122/><E122/><V123/><F123/><W131/><G67/><T17/><D2/><U135/><E135/><V79/><F79/><AGARI ba="0,2" hai="21,26,30,53,54,61,66,70,79,81,84,85,90,95" machi="79" ten="30,2900,0" yaku="1,1,7,1,53,0" doraHai="28" doraHaiUra="121" who="1" fromWho="2" sc="250,0,320,49,160,-29,250,0" /><INIT seed="1,1,0,3,1,114" ten="250,369,131,250" oya="1" hai0="59,88,89,120,99,107,71,100,56,22,127,134,33" hai1="124,113,123,57,67,48,68,83,90,101,60,81,85" hai2="106,82,26,115,40,18,31,129,16,77,41,86,43" hai3="27,91,95,47,97,98,102,128,87,62,44,2,7"/><U64/><E113/><V14/><F106/><W12/><G2/><T110/><D71/><U66/><E123/><V78/><F115/><W70/><G128/><T25/><D110/><U6/><E124/><V34/><F129/><W0/><G0/><T21/><D127/><U11/><E101/><V80/><REACH who="2" step="1"/><F14/><REACH who="2" ten="250,369,121,250" step="2"/><W3/><G3/><T104/><D107/><U19/><E68/><V75/><AGARI ba="1,1" hai="16,18,26,31,34,40,41,43,75,77,78,80,82,86" machi="75" ten="30,7900,0" yaku="1,1,2,1,0,1,54,1,53,0" doraHai="114" doraHaiUra="45" who="2" fromWho="2" sc="250,-21,369,-40,121,92,250,-21" /><INIT seed="2,0,0,2,0,22" ten="229,329,213,229" oya="2" hai0="30,81,54,77,108,79,38,25,99,100,28,5,66" hai1="33,117,130,65,9,119,70,74,52,58,127,45,84" hai2="48,24,86,51,135,114,134,106,57,61,37,42,69" hai3="75,110,44,131,6,53,133,31,107,64,40,89,96"/><V80/><F106/><W3/><G110/><T83/><D108/><U85/><E74/><V82/><F114/><W2/><G131/><T129/><D38/><U97/><E33/><V78/><F69/><W15/><G133/><T21/><D129/><U55/><E130/><V49/><F37/><W60/><G53/><T128/><D128/><U26/><E70/><V93/><F93/><W4/><G75/><T17/><D5/><U67/><E127/><V41/><F80/><N who="0" m="30794" /><D66/><U132/><E132/><N who="2" m="50731" /><F24/><W39/><G31/><N who="0" m="11819" /><D54/><AGARI ba="0,0" hai="41,42,48,49,51,54,57,61,78,82,86" m="50731" machi="54" ten="30,1500,0" yaku="20,1" doraHai="22" who="2" fromWho="0" sc="229,-15,329,0,213,15,229,0" /><INIT seed="2,1,0,5,3,63" ten="214,329,228,229" oya="2" hai0="95,82,114,73,52,16,134,6,56,113,86,12,88" hai1="10,53,35,43,34,57,133,116,108,126,23,2,131" hai2="8,1,120,92,121,7,49,132,20,4,47,79,55" hai3="84,110,32,102,33,106,41,111,77,129,91,50,46"/><V60/><F132/><W59/><G129/><T14/><D134/><U107/><E133/><V115/><F115/><W98/><G77/><T76/><D12/><U29/><E116/><V19/><F7/><W103/><G103/><T15/><D14/><U127/><E107/><V38/><F38/><W109/><REACH who="3" step="1"/><G59/><REACH who="3" ten="214,329,228,219" step="2"/><T128/><D128/><U18/><E131/><V30/><F79/><W22/><G22/><N who="0" m="11551" /><D6/><U70/><E70/><V11/><F11/><W96/><G96/><T66/><D114/><U75/><E34/><V118/><F118/><W104/><G104/><T119/><D113/><U44/><E35/><V17/><F121/><W135/><G135/><T51/><D119/><U31/><E23/><V65/><F120/><W124/><G124/><T28/><D28/><U40/><E29/><V125/><F125/><W5/><G5/><T83/><D82/><AGARI ba="1,1" hai="32,33,41,46,50,82,84,91,98,102,106,109,110,111" machi="82" ten="40,2600,0" yaku="1,1,14,1,53,0" doraHai="63" doraHaiUra="48" who="3" fromWho="0" sc="214,-29,329,0,228,0,219,39" /><INIT seed="3,0,0,3,2,47" ten="185,329,228,258" oya="3" hai0="15,13,125,122,7,112,83,34,67,3,132,128,66" hai1="22,110,16,12,45,52,95,51,115,70,124,130,76" hai2="18,21,46,107,81,37,99,33,23,31,131,14,114" hai3="43,102,65,104,98,19,120,71,111,93,26,2,36"/><W5/><G120/><T20/><D122/><U44/><E115/><V116/><F114/><W133/><G93/><T25/><D112/><U91/><E70/><V78/><F116/><W89/><G89/><T96/><D125/><U135/><E124/><V11/><F131/><W4/><G4/><T61/><D132/><U63/><E135/><V92/><F107/><W54/><G19/><T84/><D34/><U10/><E130/><V28/><F33/><W69/><G26/><T121/><D128/><U126/><E126/><V119/><F119/><W64/><G54/><T80/><D96/><N who="1" m="57471" /><E110/><V68/><F68/><W57/><G57/><T117/><D117/><U97/><E76/><V59/><F59/><W41/><G41/><T30/><D67/><U9/><E63/><V113/><F113/><W38/><G65/><T79/><D121/><U87/><E97/><V105/><F105/><W60/><G69/><T73/><D7/><U0/><E0/><V42/><F31/><W40/><G40/><T1/><D3/><U86/><E44/><V8/><F8/><AGARI ba="0,0" hai="8,9,10,12,16,22,45,51,52,86,87" m="57471" machi="8" ten="30,7700,0" yaku="8,1,52,1,54,2" doraHai="47" who="1" fromWho="2" sc="185,0,329,77,228,-77,258,0" /><INIT seed="4,0,0,3,1,62" ten="185,406,151,258" oya="0" hai0="93,60,50,73,40,122,17,38,30,87,109,0,130" hai1="36,91,74,134,8,1,79,68,3,27,71,61,65" hai2="82,52,46,88,22,107,39,131,78,48,96,101,69" hai3="117,67,128,51,41,5,43,70,100,25,104,66,124"/><T123/><D73/><U120/><E120/><V110/><F110/><W64/><G104/><T108/><D0/><U49/><E36/><V35/><F35/><W85/><G5/><T126/><D38/><U129/><E71/><V26/><F131/><W23/><G100/><T86/><D126/><U116/><E116/><V42/><F69/><W103/><G103/><T112/><D112/><U102/><E129/><V47/><F88/><W9/><G9/><T37/><D37/><U80/><E134/><V56/><F47/><W132/><G70/><T20/><D30/><U57/><E102/><V4/><F4/><W89/><G117/><T72/><D72/><U45/><E68/><V95/><F107/><W28/><G132/><T15/><D60/><U11/><E27/><V97/><F95/><N who="3" m="54703" /><G124/><T18/><D18/><U44/><E91/><V19/><REACH who="2" step="1"/><F101/><REACH who="2" ten="185,406,141,258" step="2"/><W63/><G128/><T99/><D130/><U98/><E45/><V94/><F94/><W55/><G63/><T75/><D123/><U105/><E105/><V81/><F81/><W92/><G92/><T14/><D122/><U76/><E76/><V33/><F33/><W133/><G133/><T113/><D109/><U59/><E44/><AGARI ba="0,1" hai="23,25,28,41,43,44,51,55,64,66,67" m="54703" machi="44" ten="30,7700,0" yaku="8,1,52,3" doraHai="62" who="3" fromWho="1" sc="185,0,406,-77,141,0,258,87" /><INIT seed="5,0,0,2,1,11" ten="185,329,141,345" oya="1" hai0="8,48,14,13,25,90,43,26,132,5,127,83,39" hai1="45,47,63,57,91,21,18,34,85,40,28,46,44" hai2="36,66,97,114,82,24,20,9,16,88,75,93,3" hai3="2,62,10,61,109,64,111,51,135,99,68,73,116"/><U70/><E70/><V7/><F36/><W110/><G73/><T41/><D39/><U123/><E123/><V6/><F6/><W56/><G99/><T108/><D108/><U35/><E28/><V29/><F66/><W72/><G72/><T92/><D127/><U37/><E85/><V1/><F114/><W98/><G98/><T129/><D129/><U67/><REACH who="1" step="1"/><E91/><REACH who="1" ten="185,319,141,345" step="2"/><V32/><F7/><W15/><G116/><T118/><D118/><U105/><E105/><V19/><F9/><W96/><G96/><T54/><D8/><U124/><E124/><V58/><F58/><W42/><G2/><T95/><D5/><U50/><E50/><V122/><F122/><W52/><G10/><T125/><D48/><U84/><E84/><V31/><F31/><W4/><G68/><T76/><D90/><U107/><E107/><V126/><F126/><W79/><G51/><T134/><D125/><U55/><E55/><V65/><F65/><W89/><G64/><T130/><D54/><U133/><E133/><V78/><REACH who="2" step="1"/><F19/><REACH who="2" ten="185,319,131,345" step="2"/><W101/><G56/><T128/><D134/><U74/><E74/><V117/><F117/><W81/><G135/><T86/><D132/><U71/><E71/><V17/><F17/><W80/><G110/><T120/><D120/><U104/><E104/><V87/><F87/><W94/><G109/><T12/><D86/><U113/><E113/><V119/><F119/><W121/><G111/><T49/><D49/><U115/><E115/><V131/><F131/><W77/><G121/><T27/><D130/><U103/><E103/><V106/><F106/><RYUUKYOKU ba="0,2" sc="185,-15,319,15,131,15,345,-15" hai1="18,21,34,35,37,40,44,45,46,47,57,63,67" hai2="1,3,16,20,24,29,32,75,78,82,88,93,97" /><INIT seed="5,1,2,1,5,40" ten="170,334,146,330" oya="1" hai0="3,27,1,70,49,47,124,95,77,131,92,59,30" hai1="53,110,11,19,32,83,73,41,18,79,91,113,29" hai2="86,121,107,105,93,64,65,36,14,94,98,25,117" hai3="130,135,17,52,51,67,31,104,115,90,35,132,21"/><U99/><E113/><V125/><F121/><W16/><G67/><T78/><D70/><U23/><E110/><V81/><F117/><W44/><G130/><T8/><D124/><U39/><E32/><V55/><F36/><W5/><G104/><T102/><D59/><U42/><E53/><V88/><F125/><W4/><G115/><T62/><D62/><U63/><E63/><V87/><F25/><N who="3" m="16815" /><G35/><T118/><D118/><U111/><E111/><V133/><F133/><N who="3" m="51275" /><G90/><T12/><D3/><U69/><E69/><V84/><F81/><W2/><G2/><T112/><D1/><U13/><E29/><V101/><F107/><W45/><G45/><T109/><D109/><U10/><E39/><V134/><F134/><W7/><AGARI ba="1,2" hai="4,5,7,16,17,44,51,52" m="51275,16815" machi="7" ten="30,7900,0" yaku="20,1,52,1,54,2" doraHai="40" who="3" fromWho="3" sc="170,-21,334,-40,146,-21,330,102" /><INIT seed="6,0,0,5,1,77" ten="149,294,125,432" oya="2" hai0="2,109,68,22,78,64,30,103,3,12,35,47,118" hai1="29,110,96,54,132,23,44,106,11,7,24,117,81" hai2="56,82,65,98,61,20,18,135,41,13,27,129,100" hai3="49,74,133,10,92,123,97,120,115,76,16,45,95"/><V105/><F135/><W57/><G133/><T134/><D109/><U46/><E132/><V59/><F129/><W102/><G74/><T67/><D35/><U62/><E110/><V9/><F41/><W72/><G72/><T121/><D121/><U51/><E117/><V87/><F61/><W8/><G76/><T19/><D3/><U42/><E106/><V99/><F99/><W33/><G33/><T66/><D2/><U75/><E96/><V80/><F65/><W52/><G115/><T126/><D68/><U0/><E75/><V5/><REACH who="2" step="1"/><F80/><REACH who="2" ten="149,294,115,432" step="2"/><W111/><G120/><T31/><D134/><U37/><E62/><V34/><F34/><W63/><G123/><T88/><D118/><U70/><E70/><V122/><F122/><W131/><G131/><T60/><D60/><U14/><E81/><V55/><F55/><W130/><G130/><T40/><D67/><U112/><E112/><V36/><F36/><W108/><G108/><T107/><D66/><U90/><E37/><V89/><AGARI ba="0,1" hai="5,9,13,18,20,27,56,59,82,87,89,98,100,105" machi="89" ten="20,7800,0" yaku="1,1,0,1,7,1,52,1,53,0" doraHai="77" doraHaiUra="125" who="2" fromWho="2" sc="149,-26,294,-26,115,88,432,-26" /><INIT seed="6,1,0,4,3,63" ten="123,268,203,406" oya="2" hai0="38,55,61,20,109,28,129,124,133,3,125,53,71" hai1="35,107,97,15,96,66,79,46,33,62,7,40,24" hai2="120,131,64,56,121,81,69,80,130,52,112,88,54" hai3="31,115,77,23,2,36,29,101,19,68,12,84,34"/><V8/><F54/><W11/><G36/><T82/><D3/><U123/><E79/><V6/><F112/><W105/><G68/><T104/><D104/><U1/><E15/><V110/><F110/><W93/><G105/><T76/><D109/><U122/><E96/><V106/><F106/><W72/><G72/><T90/><D38/><N who="1" m="21783" /><E7/><V59/><F69/><W89/><G101/><T128/><D90/><U135/><E1/><V0/><F80/><W60/><G77/><T22/><D28/><U14/><E14/><V94/><F81/><W113/><G60/><T99/><D99/><U21/><E135/><V103/><F103/><W27/><G31/><T87/><D133/><U4/><E4/><AGARI ba="1,0" hai="2,4,11,12,19,23,27,29,34,84,89,93,113,115" machi="4" ten="40,2600,0" yaku="24,2" doraHai="63" who="3" fromWho="1" sc="123,0,268,-29,203,0,406,29" /><INIT seed="7,0,0,2,5,94" ten="123,239,203,435" oya="3" hai0="46,90,69,87,68,28,4,47,107,99,64,70,114" hai1="73,100,66,85,41,112,117,26,75,89,12,122,43" hai2="120,3,45,52,1,97,84,50,42,39,65,30,116" hai3="126,33,88,63,10,134,105,80,130,18,7,19,91"/><W57/><G33/><T36/><D4/><U40/><E122/><V54/><F116/><W82/><G105/><T95/><D64/><U51/><E117/><V106/><F120/><W56/><G126/><T11/><D11/><U118/><E118/><V124/><F124/><W0/><G130/><T121/><D121/><U60/><E112/><V55/><F39/><W83/><G134/><T5/><D5/><U32/><E100/><V92/><F30/><W98/><G56/><T21/><D36/><U103/><E103/><V38/><F38/><W49/><G49/><T59/><D59/><U129/><E51/><V9/><F106/><W102/><G18/><T44/><D114/><U27/><E32/><V96/><F65/><W78/><G78/><T8/><D8/><U25/><E129/><V128/><F128/><W29/><G29/><T79/><D28/><U14/><E73/><V37/><F37/><W119/><G119/><T86/><D21/><U74/><E74/><V123/><F123/><W113/><G113/><T81/><REACH who="0" step="1"/><D107/><REACH who="0" ten="113,239,203,435" step="2"/><U72/><E66/><V111/><F9/><W13/><G7/><T104/><D104/><U58/><E58/><V61/><F3/><W101/><G0/><T108/><D108/><U6/><E6/><V76/><F1/><W16/><G10/><T133/><D133/><U2/><E2/><V71/><F111/><W35/><G35/><T131/><D131/><U53/><E14/><V31/><F31/><W34/><G13/><T17/><D17/><U48/><E12/><V20/><F20/><W93/><G34/><T62/><D62/><RYUUKYOKU ba="0,1" sc="113,30,239,-10,203,-10,435,-10" hai0="44,46,47,68,69,70,79,81,86,87,90,95,99" owari="143,-36.0,229,3.0,193,-21.0,435,54.0" /></mjloggm>