<mjloggm ver="2.3"><GO type="169" lobby="0"/><UN n0="%E3%82%A2%E3%83%AB%E3%83%86%E3%83%9F%E3%82%B9" n1="%E3%82%BF%E3%82%B1%E3%83%A4%E3%83%9E" n2="%E6%9C%A8%E5%8E%9F%E8%B1%AA%E4%B8%80" n3="%74%6F%69%74%6F%69%34" dan="17,17,17,16" rate="2179.14,2190.42,2163.06,2065.12" sx="M,M,M,M"/><TAIKYOKU oya="0"/><INIT seed="0,0,0,1,5,55" ten="250,250,250,250" oya="0" hai0="21,74,72,18,104,112,8,87,89,95,106,5,107" hai1="11,85,100,35,105,63,113,50,117,61,57,26,73" hai2="90,94,127,91,23,76,103,48,25,65,29,97,60" hai3="116,36,81,129,45,75,12,135,111,130,62,49,122"/><T79/><D112/><U27/><E117/><V16/><F127/><W51/><G12/><T102/><D102/><U17/><E73/><V0/><F0/><W59/><G81/><T42/><D42/><U38/><E38/><V101/><F76/><W68/><G75/><T47/><D47/><U40/><E113/><V39/><F39/><W9/><G9/><T120/><D120/><U15/><E105/><V22/><F48/><N who="3" m="18507" /><G116/><T31/><D31/><U10/><E100/><V77/><F77/><W30/><G30/><T2/><REACH who="0" step="1"/><D79/><REACH who="0" ten="240,250,250,250" step="2"/><U67/><E40/><V80/><F103/><W46/><G122/><T34/><D34/><U84/><E35/><V19/><F29/><W6/><G46/><T118/><D118/><U70/><E70/><V99/><F99/><W134/><G68/><T66/><D66/><U132/><E67/><V119/><F119/><W131/><G45/><T88/><D88/><U14/><E132/><V83/><F91/><W128/><N who="3" m="33280" /><DORA hai="110" /><W56/><G135/><T124/><D124/><U54/><E54/><V28/><F28/><W7/><G134/><T58/><D58/><U96/><E57/><N who="3" m="22090" /><G111/><T44/><D44/><U4/><E63/><V78/><F78/><W33/><G33/><T109/><D109/><U37/><E61/><V43/><F60/><W71/><G36/><T64/><D64/><AGARI ba="0,1" hai="6,7,62,64,71" m="22090,33280,18507" machi="64" ten="60,8000,1" yaku="19,1,52,3" doraHai="55,110" who="3" fromWho="0" sc="240,-80,250,0,250,0,250,90" /><INIT seed="1,0,0,5,2,81" ten="160,250,250,340" oya="1" hai0="18,33,59,133,56,43,135,46,89,37,70,53,44" hai1="118,125,27,30,82,11,7,57,17,51,73,68,102" hai2="60,80,119,76,87,74,105,131,106,63,92,98,122" hai3="15,97,132,65,3,77,109,103,4,19,62,42,14"/><U108/><E118/><V21/><F119/><W20/><G42/><T5/><D33/><U114/><E68/><V67/><F122/><W24/><G132/><N who="0" m="50763" /><D5/><U6/><E114/><V72/><F63/><W2/><G77/><T90/><D70/><U31/><E102/><V1/><F1/><W130/><G130/><T8/><D8/><U95/><E125/><V85/><F21/><W40/><G40/><T45/><D18/><U96/><E108/><V107/><F131/><W126/><G109/><T23/><D23/><U52/><E17/><V75/><F60/><W39/><G39/><T54/><D43/><U79/><E7/><V22/><F67/><W61/><G126/><T34/><D34/><U123/><E123/><V86/><F22/><W121/><G121/><T104/><D104/><U47/><E47/><V12/><F12/><W69/><G62/><T124/><D37/><U28/><E27/><V134/><F134/><W16/><G4/><T113/><D113/><U116/><E116/><V128/><F128/><W38/><G38/><T58/><D124/><U88/><REACH who="1" step="1"/><E31/><REACH who="1" ten="160,240,250,340" step="2"/><V111/><F111/><W101/><G24/><T50/><D50/><U99/><E99/><V49/><F49/><W78/><G97/><T9/><D9/><U94/><E94/><V0/><F0/><AGARI ba="0,1" hai="0,6,11,28,30,51,52,57,73,79,82,88,95,96" machi="0" ten="30,11600,0" yaku="1,1,7,1,54,2,53,0" doraHai="81" doraHaiUra="36" who="1" fromWho="2" sc="160,0,240,126,250,-116,340,0" /><INIT seed="1,1,0,4,2,83" ten="160,366,134,340" oya="1" hai0="96,122,48,22,75,111,81,132,44,25,6,47,11" hai1="55,66,41,70,94,125,109,101,36,8,74,82,97" hai2="37,67,85,43,12,102,26,118,58,88,13,130,129" hai3="104,80,100,73,15,3,16,134,1,60,99,49,0"/><U28/><E125/><V40/><F118/><W103/><G100/><T110/><D122/><U38/><E109/><N who="0" m="41481" /><D132/><U4/><E28/><V46/><F102/><W77/><G134/><T30/><D96/><U108/><E108/><V20/><F43/><W61/><REACH who="3" step="1"/><G49/><REACH who="3" ten="160,366,134,330" step="2"/><T21/><D48/><U135/><E135/><V51/><F130/><W124/><G124/><T39/><D39/><U62/><E38/><V50/><F129/><W90/><G90/><T87/><D75/><U57/><E36/><V59/><F37/><W116/><G116/><T71/><D71/><U45/><E101/><V95/><F51/><W126/><G126/><T120/><D120/><U52/><E70/><V10/><F67/><W115/><G115/><T68/><D68/><U65/><E65/><V119/><F119/><W93/><G93/><T34/><D34/><U14/><E74/><V123/><F123/><W17/><G17/><T35/><D35/><U5/><E5/><N who="2" m="3151" /><F13/><W42/><G42/><T64/><D64/><U78/><E41/><V107/><F107/><W53/><G53/><T89/><D22/><AGARI ba="1,1" hai="0,1,3,15,16,22,60,61,73,77,80,99,103,104" machi="22" ten="40,2600,0" yaku="1,1,54,1,53,0" doraHai="83" doraHaiUra="127" who="3" fromWho="0" sc="160,-29,366,0,134,0,330,39" /><INIT seed="2,0,0,1,0,31" ten="131,366,134,369" oya="2" hai0="9,119,92,4,66,89,113,15,34,84,118,62,49" hai1="14,124,26,135,82,0,93,11,121,71,75,32,129" hai2="134,2,105,36,111,131,116,130,10,6,108,54,3" hai3="63,48,39,101,80,18,46,25,103,123,64,60,16"/><V19/><F36/><W61/><G123/><T47/><D113/><U59/><E71/><V21/><F105/><W97/><G39/><T42/><REACH who="0" step="1"/><D34/><REACH who="0" ten="121,366,134,369" step="2"/><U7/><E121/><V27/><F116/><W30/><G64/><T77/><D77/><U33/><E129/><N who="2" m="49163" /><F134/><W125/><G125/><T104/><D104/><U133/><E124/><V115/><F115/><W78/><G78/><T56/><AGARI ba="0,1" hai="4,9,15,42,47,49,56,62,66,84,89,92,118,119" machi="56" ten="30,2000,0" yaku="1,1,0,1,53,0" doraHai="31" doraHaiUra="128" who="0" fromWho="0" sc="121,30,366,-5,134,-10,369,-5" /><INIT seed="3,0,0,1,4,10" ten="151,361,124,364" oya="3" hai0="24,52,84,38,2,94,80,40,61,47,121,33,1" hai1="0,113,59,133,104,17,29,23,65,14,25,13,116" hai2="51,71,117,11,89,97,85,31,134,123,18,30,105" hai3="110,56,101,103,37,107,8,9,108,98,63,125,46"/><W53/><G125/><T73/><D121/><U68/><E68/><V115/><F117/><W81/><G103/><T120/><D120/><U44/><E113/><V96/><F123/><W21/><G81/><T87/><D87/><U39/><E0/><V64/><F115/><W118/><G118/><T66/><D94/><U92/><E104/><V135/><F64/><W119/><G119/><T27/><D27/><U129/><E116/><V112/><F71/><W109/><G21/><T19/><D19/><U78/><E78/><V70/><F70/><W3/><G3/><T95/><D95/><U35/><E129/><V100/><F96/><W131/><G131/><T22/><D22/><U54/><E133/><N who="2" m="50699" /><F51/><W42/><AGARI ba="0,0" hai="8,9,37,42,46,53,56,63,98,101,107,108,109,110" machi="42" ten="40,7800,0" yaku="0,1,14,1,10,1" doraHai="10" who="3" fromWho="3" sc="151,-26,361,-26,124,-26,364,78" /><INIT seed="3,1,0,0,3,114" ten="125,335,98,442" oya="3" hai0="66,10,98,89,26,87,88,108,59,20,78,13,46" hai1="91,22,17,8,93,130,53,5,52,23,95,79,21" hai2="63,48,56,112,71,33,105,109,18,49,82,94,30" hai3="60,127,74,72,125,19,131,40,117,55,104,134,54"/><W86/><G104/><T37/><D108/><U92/><E130/><V44/><F105/><W119/><G40/><T116/><D116/><N who="3" m="44617" /><G19/><T3/><D3/><U97/><E79/><V35/><F71/><W7/><G131/><T58/><D37/><U42/><E42/><V51/><F44/><W81/><G7/><T128/><D128/><U84/><E17/><V107/><F107/><W106/><G106/><T121/><D46/><U62/><E62/><V118/><F118/><W67/><G134/><T11/><D121/><U70/><E70/><V1/><F30/><W75/><G67/><T73/><D98/><U90/><REACH who="1" step="1"/><E95/><REACH who="1" ten="125,325,98,442" step="2"/><V115/><F94/><W64/><G60/><T120/><D78/><U133/><E133/><V83/><F18/><W12/><G64/><T102/><D66/><U110/><E110/><V132/><F132/><W39/><G39/><T24/><D120/><U123/><E123/><V41/><F41/><W27/><G27/><T126/><D26/><U47/><E47/><V0/><F109/><W61/><G61/><T111/><D24/><U45/><E45/><V50/><F50/><W124/><G12/><AGARI ba="1,1" hai="5,8,12,21,22,23,52,53,84,90,91,92,93,97" machi="12" ten="40,8000,1" yaku="1,1,8,1,54,1,53,1" doraHai="114" doraHaiUra="80" who="1" fromWho="3" sc="125,0,325,93,98,0,442,-83" /><INIT seed="4,0,0,3,0,63" ten="125,418,98,359" oya="0" hai0="94,45,78,110,21,111,108,52,4,132,118,122,39" hai1="17,100,88,82,93,62,105,90,10,89,98,114,12" hai2="43,51,134,28,106,5,74,34,72,69,115,128,109" hai3="131,57,65,25,59,32,104,73,53,46,20,107,125"/><T61/><D118/><U13/><E114/><V42/><F109/><W85/><G73/><T3/><D122/><U31/><E31/><V1/><F69/><W14/><G32/><T36/><D132/><U6/><E82/><V49/><F106/><W92/><G14/><T83/><D4/><U41/><E41/><V40/><F28/><W120/><G120/><T7/><D7/><U127/><E127/><V60/><F5/><W96/><G125/><T113/><D3/><U48/><E48/><V2/><F60/><W124/><G124/><T99/><D113/><U56/><E105/><V126/><F126/><W18/><G85/><T8/><D8/><U67/><E100/><V50/><F115/><W35/><G35/><T97/><D21/><AGARI ba="0,0" hai="6,10,12,13,17,21,56,62,67,88,89,90,93,98" machi="21" ten="30,7700,0" yaku="7,1,8,1,52,1,54,1" doraHai="63" who="1" fromWho="0" sc="125,-77,418,77,98,0,359,0" /><INIT seed="5,0,0,5,3,131" ten="48,495,98,359" oya="1" hai0="124,47,81,99,92,105,65,3,38,72,96,0,41" hai1="102,85,53,58,59,26,11,69,87,109,60,27,121" hai2="29,10,40,2,51,1,49,12,108,113,126,39,15" hai3="52,93,106,84,73,64,129,118,95,62,89,45,125"/><U24/><E69/><V6/><F108/><W16/><G106/><T130/><D130/><U30/><E121/><V13/><F126/><W82/><G129/><T7/><D124/><U101/><E30/><V112/><F29/><W4/><G125/><T19/><D19/><U61/><E11/><V100/><F100/><W135/><G4/><T110/><D110/><U14/><E14/><V119/><F119/><W50/><G118/><T83/><D65/><U103/><E109/><V79/><F79/><W128/><G128/><T63/><D63/><U67/><AGARI ba="0,0" hai="24,26,27,53,58,59,60,61,67,85,87,101,102,103" machi="67" ten="30,3000,0" yaku="0,1,8,1" doraHai="131" who="1" fromWho="1" sc="48,-10,495,30,98,-10,359,-10" /><INIT seed="5,1,0,2,1,1" ten="38,525,88,349" oya="1" hai0="5,123,133,20,2,59,106,101,73,120,91,60,30" hai1="121,9,78,98,125,32,77,128,45,119,12,14,115" hai2="48,33,50,39,65,34,54,23,56,28,70,92,36" hai3="90,127,93,104,99,75,35,114,117,38,102,130,53"/><U134/><E119/><V72/><F72/><W3/><RYUUKYOKU type="yao9" ba="1,0" sc="38,0,525,0,88,0,349,0" hai3="3,35,38,53,75,90,93,99,102,104,114,117,127,130" /><INIT seed="5,2,0,2,1,63" ten="38,525,88,349" oya="1" hai0="18,111,22,123,2,61,25,51,82,89,9,26,94" hai1="104,92,79,44,109,90,20,60,41,8,13,7,108" hai2="30,54,78,5,88,35,19,105,97,119,122,46,3" hai3="96,93,37,27,74,126,135,11,49,12,110,6,75"/><U29/><E104/><V56/><F122/><W65/><G37/><T91/><D111/><U116/><E116/><V132/><F119/><W117/><G117/><T73/><D123/><U134/><E134/><V34/><F78/><W33/><G110/><T77/><D26/><U80/><E29/><V42/><F30/><W50/><G135/><T106/><D106/><U130/><E130/><V76/><F76/><W87/><G126/><T127/><D127/><U121/><E121/><V53/><F53/><W40/><G87/><T68/><D51/><U86/><E20/><V4/><F19/><W99/><G96/><T62/><D68/><U131/><E131/><V21/><F21/><W125/><G125/><T55/><D91/><U124/><E124/><V81/><F105/><W129/><G129/><T23/><D23/><U67/><E92/><V100/><F100/><W1/><G1/><T120/><D120/><U32/><E90/><V72/><F72/><W14/><G14/><T114/><D114/><U70/><E32/><V107/><F107/><W69/><G40/><T0/><D9/><U84/><E84/><N who="2" m="50191" /><F97/><W52/><G75/><T103/><D103/><U48/><AGARI ba="2,0" hai="7,8,13,41,44,48,60,67,70,79,80,86,108,109" machi="48" ten="30,11700,0" yaku="0,1,25,2,52,1" doraHai="63" who="1" fromWho="1" sc="38,-41,525,123,88,-41,349,-41" owari="-3,-50.0,648,74.0,47,-35.0,308,11.0" /></mjloggm>