<mjloggm ver="2.3"><GO type="169" lobby="0"/><UN n0="%E7%B7%92%E6%96%B9%E6%99%BA%E7%B5%B5%E9%87%8C%2B" n1="%E5%A5%88%E8%90%BD%E3%81%AE%E7%8E%8B" n2="%E9%8A%80%E8%89%B2%E3%81%84%E3%81%8C%E3%81%90%E3%82%8A" n3="%41%79%6F%75%46" dan="17,17,16,17" rate="2167.15,2201.79,2126.90,2200.01" sx="M,M,M,M"/><TAIKYOKU oya="0"/><INIT seed="0,0,0,1,1,45" ten="250,250,250,250" oya="0" hai0="9,112,129,85,103,34,97,100,56,118,90,14,114" hai1="23,119,67,108,127,55,70,24,59,33,5,76,117" hai2="96,77,102,106,73,29,15,49,84,37,57,109,52" hai3="41,7,75,3,35,95,130,126,0,46,123,66,30"/><T71/><D71/><U68/><E33/><V54/><F109/><W116/><G116/><T128/><D118/><U82/><E108/><V122/><F122/><W22/><G123/><T16/><D34/><U91/><E5/><V87/><F37/><W110/><G110/><T98/><D97/><U38/><E38/><V27/><F15/><W86/><G66/><T8/><D9/><U65/><E127/><V39/><F39/><W47/><G75/><T53/><D103/><U58/><E70/><V28/><F28/><W11/><G35/><T40/><D40/><U42/><E42/><V99/><F99/><W135/><G46/><T64/><D64/><U19/><E68/><V61/><F73/><W69/><G69/><T63/><D98/><U78/><E67/><V6/><F77/><W111/><G111/><T113/><REACH who="0" step="1"/><D100/><REACH who="0" ten="240,250,250,250" step="2"/><U4/><E119/><V81/><F6/><W10/><G7/><T60/><D60/><N who="1" m="38047" /><E4/><V13/><F61/><W21/><G3/><T25/><D25/><U133/><E117/><V107/><F54/><W79/><G10/><T131/><D131/><U92/><E24/><V51/><F27/><W50/><G11/><T32/><D32/><U36/><E55/><V121/><F102/><W88/><G0/><T134/><D134/><U43/><E133/><V1/><F1/><W120/><G135/><T93/><AGARI ba="0,1" hai="8,14,16,53,56,63,85,90,93,112,113,114,128,129" machi="93" ten="40,7800,0" yaku="1,1,0,1,54,1,53,0" doraHai="45" doraHaiUra="115" who="0" fromWho="0" sc="240,88,250,-26,250,-26,250,-26" /><INIT seed="0,1,0,3,4,76" ten="328,224,224,224" oya="0" hai0="1,88,65,72,111,101,11,133,86,5,130,113,99" hai1="120,106,129,134,119,135,56,25,48,118,75,61,102" hai2="84,131,64,107,95,70,67,109,51,37,98,18,80" hai3="116,58,105,83,57,92,22,53,6,27,62,7,47"/><T103/><D113/><U112/><E25/><V73/><F37/><W128/><G105/><T63/><D72/><U19/><E19/><V45/><F109/><W69/><G69/><T59/><D111/><U100/><E112/><V91/><F131/><W124/><G116/><T123/><D123/><U28/><E28/><V87/><F70/><W12/><G128/><T31/><D130/><U43/><E129/><V44/><F44/><W13/><G124/><T34/><D133/><N who="1" m="50699" /><E75/><V126/><F126/><W3/><G47/><T117/><D117/><N who="1" m="44555" /><E106/><V89/><F73/><W96/><G57/><T42/><D42/><U23/><E23/><V104/><F18/><N who="3" m="12759" /><G3/><T0/><D0/><U82/><E48/><V55/><F104/><W85/><G7/><T93/><D31/><U71/><E71/><V108/><F108/><W66/><G66/><T68/><D68/><U74/><E43/><V21/><F21/><W97/><G6/><T33/><REACH who="0" step="1"/><D103/><REACH who="0" ten="318,224,224,224" step="2"/><U46/><E120/><V4/><F4/><W9/><G12/><T8/><D8/><U77/><E102/><N who="2" m="60767" /><F107/><AGARI ba="1,1" hai="1,5,11,33,34,59,63,65,86,88,93,99,101,107" machi="107" ten="30,11600,0" yaku="1,1,7,1,54,1,53,1" doraHai="76" doraHaiUra="2" who="0" fromWho="2" sc="318,129,224,0,224,-119,224,0" /><INIT seed="0,2,0,2,3,113" ten="447,224,105,224" oya="0" hai0="16,94,48,123,36,114,31,119,101,37,73,54,65" hai1="100,93,0,8,20,2,125,127,75,117,132,42,13" hai2="17,111,77,83,128,10,91,108,9,49,39,99,34" hai3="105,44,80,110,78,52,6,41,135,45,11,122,28"/><T69/><D123/><U59/><E75/><V38/><F34/><W84/><G105/><T51/><D73/><U70/><E70/><V118/><F128/><W1/><G110/><N who="2" m="42025" /><F49/><W60/><G135/><T126/><D31/><U92/><E132/><V96/><F91/><W12/><G122/><T18/><D101/><U24/><E42/><V131/><F131/><W29/><G1/><T87/><D94/><U129/><E59/><V103/><F17/><W89/><G89/><T43/><D87/><U57/><E57/><V62/><F62/><W58/><REACH who="3" step="1"/><G45/><REACH who="3" ten="447,224,105,214" step="2"/><T88/><D88/><U97/><E129/><V107/><F99/><W71/><G71/><T120/><D69/><U56/><E56/><V74/><F118/><W66/><G66/><T5/><D65/><U115/><E117/><V30/><F30/><W112/><G112/><T90/><D114/><U109/><E115/><V47/><F47/><W72/><G72/><T46/><D119/><U7/><E109/><V133/><F133/><W130/><G130/><T3/><D46/><U98/><E98/><V68/><F68/><W79/><G79/><T32/><D90/><U95/><E95/><V27/><F27/><W102/><G102/><T106/><D106/><U55/><E93/><V116/><F116/><W81/><G81/><T33/><D120/><U21/><E92/><V40/><F40/><W134/><G134/><T86/><D43/><U4/><E100/><V64/><F64/><W124/><G124/><T63/><D126/><U121/><E127/><V53/><F53/><W15/><G15/><T22/><D54/><RYUUKYOKU ba="2,1" sc="447,-15,224,-15,105,15,214,15" hai2="9,10,38,39,74,77,83,96,103,107" hai3="6,11,12,28,29,41,44,52,58,60,78,80,84" /><INIT seed="1,3,1,0,0,25" ten="432,209,120,229" oya="1" hai0="90,14,0,34,94,74,51,1,93,18,10,132,106" hai1="126,113,38,81,68,6,39,120,57,84,20,28,5" hai2="71,52,49,63,89,46,115,107,31,50,78,85,102" hai3="133,91,124,101,130,129,32,117,64,87,12,24,48"/><U11/><E68/><V128/><F115/><W37/><G37/><T99/><D74/><U83/><E120/><V77/><F128/><W92/><G64/><T72/><D72/><U125/><E113/><V2/><F2/><W82/><G12/><T119/><D106/><U21/><E57/><V42/><F31/><W118/><G48/><T67/><D34/><U80/><E84/><V55/><F102/><W79/><G24/><T70/><D132/><U15/><E5/><V116/><F107/><W43/><G43/><T27/><D119/><N who="3" m="45577" /><G32/><T122/><D122/><U110/><E110/><V114/><F114/><W76/><G133/><T96/><D27/><N who="1" m="16487" /><E21/><V86/><F86/><W65/><G65/><T7/><D70/><U58/><E58/><N who="2" m="35271" /><F71/><W59/><G59/><T29/><D67/><U41/><E41/><V69/><F69/><W100/><G124/><AGARI ba="3,1" hai="6,11,15,38,39,80,81,83,124,125,126" m="16487" machi="124" ten="30,2900,0" yaku="18,1,52,1" doraHai="25" who="1" fromWho="3" sc="432,0,209,48,120,0,229,-38" /><INIT seed="1,4,0,5,1,48" ten="432,257,120,191" oya="1" hai0="1,17,112,10,28,59,45,44,68,97,40,11,131" hai1="105,70,113,117,22,16,96,46,83,6,118,109,31" hai2="92,57,132,88,26,42,39,20,123,93,4,19,81" hai3="90,87,101,116,30,34,99,60,38,133,13,74,111"/><U5/><E70/><V110/><F123/><W15/><G74/><T24/><D112/><U12/><E113/><V18/><F110/><W91/><G38/><T102/><D68/><U71/><E71/><V95/><F132/><W9/><G111/><T122/><D122/><U29/><E109/><V32/><F32/><W50/><G133/><T98/><D131/><U3/><E83/><V119/><F119/><N who="1" m="45577" /><E46/><V108/><F108/><W66/><G116/><T84/><D84/><U49/><E49/><V85/><F39/><W126/><G126/><T72/><D72/><U115/><E96/><V100/><F4/><N who="1" m="1641" /><E105/><V56/><F42/><W33/><G50/><T121/><D121/><U76/><E76/><V80/><F100/><W69/><G34/><T120/><D97/><U27/><E115/><V0/><F0/><W103/><G103/><T127/><D127/><U53/><E53/><V114/><F114/><W67/><G67/><T54/><D1/><U21/><E3/><V78/><REACH who="2" step="1"/><F18/><AGARI ba="4,0" hai="12,16,18,21,22,27,29,31" m="1641,45577" machi="18" ten="30,5800,0" yaku="34,2,54,1" doraHai="48" who="1" fromWho="2" sc="432,0,257,70,120,-70,191,0" /><INIT seed="1,5,0,3,2,78" ten="432,327,50,191" oya="1" hai0="117,20,114,23,97,47,85,33,123,32,21,103,18" hai1="13,96,86,44,76,42,11,38,72,56,34,50,29" hai2="4,124,15,59,6,68,9,134,81,25,75,108,129" hai3="31,53,67,82,83,10,0,66,87,112,126,52,69"/><U1/><E72/><V30/><F68/><W131/><G112/><T39/><D114/><U62/><E1/><V43/><F43/><W94/><G69/><T119/><D18/><U101/><E34/><V5/><F108/><W65/><G31/><T132/><D39/><U130/><E29/><V35/><F134/><W128/><G126/><T45/><D85/><U63/><E38/><V58/><F124/><W49/><G94/><T55/><D55/><N who="3" m="21065" /><G87/><T3/><D3/><U84/><E130/><N who="3" m="49706" /><G49/><T16/><D123/><U17/><E56/><V41/><F129/><W95/><G95/><N who="0" m="58815" /><D33/><U105/><REACH who="1" step="1"/><E86/><REACH who="1" ten="432,317,50,191" step="2"/><V102/><F58/><W73/><G73/><T88/><D32/><U61/><E61/><V110/><F59/><W54/><G54/><T79/><D132/><U121/><E121/><V8/><F110/><W19/><G19/><T100/><D16/><U125/><E125/><V98/><F41/><W135/><G135/><T118/><D118/><U91/><E91/><V14/><F4/><AGARI ba="5,1" hai="0,4,10,65,66,67,82,83" m="49706,21065" machi="4" ten="40,8000,1" yaku="19,1,52,2,54,1" doraHai="78" who="3" fromWho="2" sc="432,0,317,0,50,-95,191,105" owari="432,53.0,317,12.0,-45,-55.0,296,-10.0" /></mjloggm>