<mjloggm ver="2.3"><GO type="185" lobby="0"/><UN n0="%E6%9C%9D%E7%AB%8B%E3%81%A1%E5%93%B2%E4%B9%9F" n1="%E3%82%B2%E3%83%B3%E3%82%BA" n2="%E5%8C%97%E5%B2%A1%E3%81%BE%E3%81%A4%E3%81%9F%E3%81%91" n3="" dan="16,16,16,0" rate="2182.53,2072.16,2261.53,1500.00" sx="M,M,F,C"/><TAIKYOKU oya="0"/><INIT seed="0,0,0,1,1,56" ten="350,350,350,0" oya="0" hai0="34,32,51,120,114,84,115,125,76,100,82,129,81" hai1="101,135,132,108,118,74,107,43,90,62,1,127,89" hai2="3,93,73,64,131,63,92,57,61,106,55,113,122" hai3=""/><T37/><N who="0" m="30752" /><T71/><D37/><U58/><E1/><V111/><N who="2" m="31264" /><V40/><F3/><T65/><D125/><U36/><E118/><V49/><F106/><T83/><D129/><U130/><E127/><V44/><F131/><T60/><D100/><U66/><E130/><V95/><F73/><T103/><D103/><U99/><E74/><V42/><F111/><T121/><N who="0" m="31008" /><T78/><D51/><U98/><E108/><V2/><F113/><T91/><D91/><U96/><E99/><V59/><F2/><T77/><REACH who="0" step="1"/><D84/><REACH who="0" ten="340,350,350,0" step="2"/><U69/><E101/><V35/><REACH who="2" step="1"/><F35/><AGARI ba="0,1" hai="32,34,35,60,65,71,76,77,78,81,82,83,114,115" m="31008,30752" machi="35" ten="50,12000,1" yaku="1,1,2,1,52,3,53,0" doraHai="56" doraHaiUra="104" who="0" fromWho="2" sc="340,130,350,0,350,-120,0,0" /><INIT seed="0,1,0,2,1,3" ten="470,350,230,0" oya="0" hai0="56,105,80,98,57,114,135,47,63,46,2,68,81" hai1="41,65,115,0,124,35,83,66,133,77,32,55,40" hai2="62,95,69,43,61,37,76,128,70,110,89,88,54" hai3=""/><T100/><D2/><U102/><E0/><V82/><F110/><T134/><D114/><U123/><N who="1" m="31520" /><U38/><E115/><V39/><F128/><T48/><D68/><U118/><E118/><V49/><F89/><T122/><N who="0" m="31264" /><T104/><D63/><U94/><E124/><V50/><F50/><T51/><D98/><U125/><E125/><V120/><N who="2" m="30752" /><V73/><F61/><T121/><N who="0" m="31008" /><T60/><D60/><U44/><E41/><V1/><F43/><T59/><D59/><U97/><E55/><V85/><F70/><T52/><D100/><U112/><E112/><V127/><F127/><T86/><D86/><U36/><E36/><V91/><F91/><T111/><D111/><U109/><E109/><V116/><F116/><T79/><D79/><U34/><REACH who="1" step="1"/><E133/><REACH who="1" ten="470,340,230,0" step="2"/><V71/><F1/><T131/><D52/><U103/><E103/><V74/><F71/><T64/><D131/><U90/><E90/><V117/><F117/><T75/><D64/><U67/><E67/><V119/><F119/><T126/><D126/><U130/><E130/><V45/><REACH who="2" step="1"/><F73/><AGARI ba="1,1" hai="46,47,48,51,56,57,73,75,80,81,104,105,134,135" m="31008,31264" machi="73" ten="25,9600,0" yaku="22,2,52,2" doraHai="3" who="0" fromWho="2" sc="470,108,340,0,230,-98,0,0" /><AGARI ba="1,0" hai="32,34,35,38,40,44,65,66,73,77,83,94,97,102" m="31520" machi="73" ten="40,12000,2" yaku="1,1,52,4,53,1" doraHai="3" doraHaiUra="107" who="1" fromWho="2" sc="578,0,340,120,132,-120,0,0" /><INIT seed="0,2,0,2,0,66" ten="578,460,12,0" oya="0" hai0="35,83,42,72,39,85,77,59,56,62,40,48,99" hai1="122,0,67,106,135,112,88,63,119,2,108,34,80" hai2="61,126,37,45,131,71,92,87,104,109,38,115,1" hai3=""/><T121/><N who="0" m="31008" /><T47/><D35/><U79/><N who="1" m="31264" /><U86/><E119/><V74/><F74/><T128/><D128/><U101/><E34/><V95/><F104/><T57/><D99/><U123/><N who="1" m="31520" /><U120/><N who="1" m="30752" /><U60/><E108/><V90/><F1/><T50/><D72/><U105/><E135/><V107/><F115/><T75/><D75/><U64/><E112/><V117/><F107/><T111/><D111/><U51/><E51/><V41/><F126/><T69/><REACH who="0" step="1"/><D42/><REACH who="0" ten="568,460,12,0" step="2"/><U114/><E114/><V89/><F117/><T97/><D97/><U127/><E127/><V78/><F109/><T65/><AGARI ba="2,1" hai="39,40,47,48,50,56,57,59,62,65,69,77,83,85" m="31008" machi="65" ten="30,12000,2" yaku="1,1,0,1,52,2,53,3" doraHai="66" doraHaiUra="55" who="0" fromWho="0" sc="568,134,460,-62,12,-62,0,0" owari="702,65.0,398,0.0,-50,-65.0,0,0.0" /></mjloggm>