<mjloggm ver="2.3"><GO type="169" lobby="0"/><UN n0="%E3%82%BD%E3%83%B3%E3%82%BB%E3%82%AD" n1="%E3%82%A2%E3%83%AB%E3%83%86%E3%83%9F%E3%82%B9" n2="%E7%89%A7%E5%A0%B4%E3%81%AE%E5%B0%91%E5%A5%B3" n3="%E3%83%88%E3%83%8B%E3%83%BC%E2%98%85%E5%BD%A1" dan="16,17,17,17" rate="2114.55,2195.75,2182.06,2160.77" sx="M,M,M,M"/><TAIKYOKU oya="0"/><INIT seed="0,0,0,1,1,119" ten="250,250,250,250" oya="0" hai0="46,77,19,39,127,6,108,131,113,0,27,53,17" hai1="15,128,68,70,109,18,103,58,117,60,24,22,85" hai2="8,134,97,13,33,32,64,61,16,92,62,101,100" hai3="65,55,89,50,57,36,94,91,75,110,3,51,2"/><T20/><D113/><U106/><E117/><V45/><F134/><W44/><G75/><T114/><D114/><U90/><E109/><V107/><F61/><W95/><G36/><T130/><D127/><U71/><E128/><N who="0" m="49193" /><D108/><U28/><E103/><V93/><F107/><W116/><G116/><T82/><D53/><U104/><E90/><V9/><F45/><W49/><G49/><T12/><D6/><U25/><E85/><V67/><F67/><W11/><G11/><N who="0" m="6303" /><D0/><U123/><E123/><V4/><F93/><W96/><G110/><T23/><D23/><U48/><E48/><V47/><F47/><W7/><G7/><T99/><D99/><U72/><E72/><V115/><F101/><W102/><G102/><T41/><D82/><U76/><E76/><AGARI ba="0,0" hai="19,20,27,39,41,46,76,77" m="6303,49193" machi="76" ten="30,1500,0" yaku="19,1" doraHai="119" who="0" fromWho="1" sc="250,15,250,-15,250,0,250,0" /><INIT seed="0,1,0,3,5,36" ten="265,235,250,250" oya="0" hai0="88,116,117,39,76,15,114,106,44,107,19,103,110" hai1="115,30,100,128,59,17,119,108,28,93,90,10,120" hai2="21,127,65,25,118,18,6,133,49,123,89,80,68" hai3="9,85,34,51,5,46,78,96,32,63,84,102,113"/><T74/><D114/><U41/><E119/><V92/><F123/><W97/><G113/><T73/><D110/><U109/><E120/><V94/><F133/><W7/><G97/><T0/><D0/><U125/><E115/><V61/><F127/><W75/><G7/><T57/><D57/><U26/><E125/><V122/><F122/><W111/><G111/><N who="1" m="42570" /><E100/><V71/><F118/><W121/><G121/><T72/><D76/><U79/><E79/><V20/><F6/><W112/><G112/><T66/><D66/><U24/><E59/><V38/><F38/><W135/><G63/><T58/><D58/><U1/><E41/><V14/><F68/><W95/><G75/><T11/><D103/><U82/><E82/><V130/><F130/><W64/><G64/><T3/><D3/><U4/><E128/><V8/><F49/><W47/><G47/><T31/><D31/><N who="1" m="11819" /><E17/><V60/><F60/><W45/><G45/><T77/><D77/><U12/><E12/><V29/><F80/><W69/><G69/><T56/><D56/><U35/><E35/><V91/><F91/><W62/><G34/><T54/><D116/><U53/><E53/><V2/><F89/><W52/><G32/><T105/><D117/><U98/><AGARI ba="1,0" hai="1,4,10,24,26,90,93,98" m="11819,42570" machi="98" ten="30,1100,0" yaku="14,1" doraHai="36" who="1" fromWho="1" sc="265,-6,235,14,250,-4,250,-4" /><INIT seed="1,0,0,2,4,69" ten="259,249,246,246" oya="1" hai0="30,106,63,92,35,24,108,129,87,112,10,80,0" hai1="85,32,56,103,6,48,99,98,52,39,72,130,42" hai2="25,12,47,26,101,128,4,9,50,15,21,86,62" hai3="27,23,34,113,78,93,37,126,79,83,114,68,125"/><U111/><E72/><V84/><F128/><W97/><G68/><T20/><D106/><U95/><E32/><V104/><F104/><W70/><G70/><T127/><D112/><U74/><E74/><V124/><F124/><N who="3" m="47723" /><G34/><T61/><D127/><U49/><E130/><V59/><F101/><N who="3" m="60591" /><G37/><T123/><D129/><U1/><E111/><V110/><F110/><W7/><G7/><T28/><D108/><U91/><E48/><V46/><F15/><W135/><G135/><T131/><D131/><U22/><E22/><V89/><F50/><W90/><G90/><T38/><D123/><U119/><E119/><V118/><F118/><W41/><G41/><T73/><D30/><U29/><E29/><V31/><F25/><W54/><G54/><T96/><D35/><U11/><REACH who="1" step="1"/><E103/><REACH who="1" ten="259,239,246,246" step="2"/><V14/><F14/><W107/><G107/><T67/><D28/><U105/><E105/><V75/><F75/><N who="3" m="43487" /><G79/><T82/><D20/><U120/><E120/><V43/><F43/><W19/><AGARI ba="0,1" hai="19,23,27,113,114" m="43487,60591,47723" machi="19" ten="30,1100,0" yaku="18,1" doraHai="69" who="3" fromWho="3" sc="259,-3,239,-5,246,-3,246,21" /><INIT seed="2,0,0,5,2,22" ten="256,234,243,267" oya="2" hai0="103,48,24,129,77,104,49,83,39,112,37,76,72" hai1="108,132,40,56,43,35,94,99,34,44,127,90,113" hai2="120,14,133,2,10,15,95,46,16,105,30,61,64" hai3="110,131,54,7,135,65,69,70,31,21,13,124,11"/><V109/><F120/><W25/><G131/><T79/><D112/><U75/><E113/><V9/><F105/><W58/><G135/><T17/><D129/><U101/><E132/><V117/><F133/><W27/><G110/><T86/><D104/><U41/><E108/><V118/><F2/><W59/><G124/><T74/><D103/><U33/><E127/><V78/><F109/><W50/><G65/><T45/><D86/><U125/><E125/><V63/><F78/><W73/><G73/><T57/><D57/><U0/><E75/><V85/><F30/><W115/><G115/><T92/><D92/><U82/><E0/><V19/><F46/><W38/><G38/><T100/><D100/><U128/><E128/><V36/><F36/><W93/><G93/><T26/><D77/><U62/><E82/><V116/><REACH who="2" step="1"/><F64/><REACH who="2" ten="256,234,233,267" step="2"/><W106/><G106/><T52/><D45/><U134/><E134/><V12/><F12/><W5/><G5/><T42/><D39/><U89/><REACH who="1" step="1"/><E44/><REACH who="1" ten="256,224,233,267" step="2"/><V96/><F96/><W32/><REACH who="3" step="1"/><G59/><REACH who="3" ten="256,224,233,257" step="2"/><T60/><D74/><U88/><E88/><AGARI ba="0,3" hai="9,10,14,15,16,19,61,63,85,88,95,116,117,118" machi="88" ten="40,12000,1" yaku="1,1,9,1,54,2,53,0" doraHai="22" doraHaiUra="66" who="2" fromWho="1" sc="256,0,224,-120,233,150,257,0" /><INIT seed="2,1,0,4,0,32" ten="256,104,383,257" oya="2" hai0="29,89,17,129,23,75,4,95,114,79,120,12,65" hai1="49,10,83,97,118,67,70,44,105,115,135,39,74" hai2="66,46,30,69,119,112,47,9,106,42,15,72,52" hai3="60,1,26,103,102,6,122,77,40,76,130,80,25"/><V88/><F112/><W117/><G122/><T116/><D114/><U22/><E115/><V37/><F119/><W111/><G117/><T121/><D116/><U50/><E118/><V11/><F106/><W63/><G111/><T14/><D129/><U90/><E39/><V27/><F72/><W99/><G40/><T0/><D65/><U124/><E135/><V64/><F69/><W110/><G110/><T132/><D79/><U57/><E70/><V55/><F9/><W127/><G130/><T59/><D75/><U125/><E105/><V43/><F64/><W38/><G38/><T84/><D132/><U51/><E44/><V81/><F66/><W86/><G77/><T7/><D29/><U93/><E22/><N who="2" m="15735" /><F37/><W128/><G128/><T68/><D68/><U2/><E83/><V108/><F47/><W94/><G103/><T91/><D91/><U58/><E67/><V34/><F34/><W62/><REACH who="3" step="1"/><G127/><REACH who="3" ten="256,104,383,247" step="2"/><N who="1" m="48714" /><E74/><V33/><F108/><W98/><G98/><T104/><D120/><U28/><E28/><V61/><F43/><W71/><G71/><T73/><D73/><U5/><AGARI ba="1,1" hai="2,5,10,49,50,51,57,58,90,93,97" m="48714" machi="5" ten="40,2700,0" yaku="18,1,52,1" doraHai="32" who="1" fromWho="1" sc="256,-8,104,40,383,-14,247,-8" /><INIT seed="3,0,0,0,2,57" ten="248,144,369,239" oya="3" hai0="10,21,15,63,96,23,55,3,41,11,36,58,113" hai1="83,20,90,73,70,25,101,85,8,5,13,91,89" hai2="37,52,79,26,64,116,35,61,1,128,133,39,50" hai3="43,135,56,132,22,127,99,12,78,129,66,121,40"/><W108/><G121/><T65/><D113/><U14/><E70/><V16/><F116/><W46/><G129/><T84/><D3/><U111/><E73/><V33/><F1/><W9/><G127/><T2/><D2/><U68/><E68/><V45/><F79/><W119/><G119/><T112/><D112/><U7/><E111/><V109/><F109/><W123/><G123/><T92/><D84/><U32/><E32/><V77/><F77/><W88/><G78/><T42/><D10/><U19/><REACH who="1" step="1"/><E101/><REACH who="1" ten="248,134,369,239" step="2"/><V131/><F33/><W4/><G108/><T104/><D36/><U125/><E125/><V31/><F128/><W100/><G135/><T81/><D81/><U48/><E48/><V95/><F133/><W24/><G132/><T30/><D63/><U54/><E54/><V97/><F131/><W115/><G115/><T27/><D55/><U82/><E82/><V34/><F61/><N who="3" m="38183" /><G100/><T110/><D110/><U94/><E94/><V74/><F64/><W71/><G71/><T106/><D65/><U28/><E28/><V98/><F74/><W47/><G43/><T62/><D42/><U86/><E86/><V53/><F53/><W118/><G40/><T122/><D41/><U6/><E6/><V0/><F34/><W120/><G120/><T69/><D122/><U114/><E114/><V130/><F130/><W72/><G72/><T105/><D69/><U38/><E38/><V80/><F37/><W59/><G118/><T51/><D105/><U107/><E107/><V126/><F39/><W93/><G59/><T103/><D106/><U29/><E29/><AGARI ba="0,1" hai="4,9,12,22,24,29,46,47,88,93,99" m="38183" machi="29" ten="30,11600,0" yaku="6,1,8,1,52,1,54,1" doraHai="57" who="3" fromWho="1" sc="248,0,134,-116,369,0,239,126" /><INIT seed="3,1,0,5,0,4" ten="248,18,369,365" oya="3" hai0="87,124,85,73,106,53,130,54,6,77,90,67,75" hai1="97,69,57,52,91,41,44,39,107,74,64,34,61" hai2="118,72,88,14,21,126,25,33,128,7,108,46,36" hai3="30,3,86,23,119,37,93,59,134,45,95,105,51"/><W92/><G119/><T17/><D106/><U83/><E34/><V103/><F118/><W29/><G105/><T11/><D124/><U42/><E107/><V117/><F117/><W50/><G3/><T78/><D130/><U32/><E32/><V115/><F115/><W1/><G1/><T127/><D127/><U110/><E74/><V113/><F113/><W8/><G134/><T47/><D67/><U99/><E110/><V100/><F126/><W40/><G86/><T132/><D17/><U135/><E135/><V81/><F108/><W26/><G30/><T9/><D132/><U79/><E42/><V68/><F68/><W27/><G27/><T129/><D129/><U12/><E12/><V62/><F62/><W101/><G101/><T38/><D6/><U58/><E58/><V63/><F63/><W98/><G98/><T15/><D15/><U121/><E121/><V0/><F0/><W125/><G125/><T116/><D116/><U109/><E109/><V112/><F112/><W20/><G20/><T123/><D47/><U24/><E24/><V122/><F128/><W65/><G65/><T80/><D80/><U31/><E31/><V28/><F122/><W18/><REACH who="3" step="1"/><G59/><REACH who="3" ten="248,18,369,355" step="2"/><T84/><D84/><N who="1" m="50591" /><E79/><N who="2" m="44263" /><F88/><W10/><G10/><T76/><D90/><U56/><E56/><V16/><F7/><W104/><G104/><T82/><D123/><U131/><E131/><V114/><F114/><W19/><G19/><T89/><D89/><U96/><E96/><V94/><F94/><W60/><G60/><T102/><D78/><U66/><E66/><V49/><F36/><RYUUKYOKU ba="1,1" sc="248,-30,18,10,369,10,355,10" hai1="39,41,44,52,57,61,64,69,97,99" hai2="14,16,21,25,28,33,46,49,100,103" hai3="8,18,23,26,29,37,40,45,50,51,92,93,95" /><INIT seed="3,2,1,2,1,82" ten="218,28,379,365" oya="3" hai0="56,36,131,103,43,23,93,72,83,111,75,47,99" hai1="44,40,124,49,34,64,128,69,107,28,123,129,81" hai2="77,12,13,120,90,21,127,10,0,16,110,113,33" hai3="96,26,122,114,4,51,115,8,15,18,6,60,95"/><W22/><G122/><T89/><D111/><U92/><E123/><V119/><F113/><W30/><G51/><T37/><D37/><U78/><E107/><V102/><F119/><W88/><REACH who="3" step="1"/><G60/><REACH who="3" ten="218,28,379,355" step="2"/><T9/><D131/><N who="1" m="50251" /><E124/><V17/><F120/><W35/><G35/><T61/><D9/><U1/><E1/><V14/><F127/><W58/><G58/><T66/><REACH who="0" step="1"/><D23/><REACH who="0" ten="208,28,379,355" step="2"/><U38/><E34/><V55/><F33/><W2/><G2/><T62/><D62/><N who="1" m="40087" /><E28/><V74/><F0/><W91/><G91/><T86/><AGARI ba="2,3" hai="36,43,47,56,61,66,72,75,83,86,89,93,99,103" machi="86" ten="30,4000,0" yaku="1,1,0,1,52,1,53,0" doraHai="82" doraHaiUra="132" who="0" fromWho="0" sc="208,76,28,-12,379,-12,355,-22" /><INIT seed="4,0,0,3,1,50" ten="284,16,367,333" oya="0" hai0="15,52,124,112,38,31,29,9,5,16,125,46,74" hai1="76,10,79,61,8,94,101,18,96,42,122,6,121" hai2="30,70,134,49,67,3,93,1,133,17,2,47,19" hai3="109,107,36,92,20,65,13,58,51,72,89,114,98"/><T100/><D74/><U48/><E122/><V78/><F30/><W40/><G109/><T111/><D111/><U54/><E121/><V85/><F70/><W117/><G117/><T24/><D112/><U45/><E18/><V28/><F28/><W55/><G114/><T71/><D71/><U97/><E97/><V4/><F4/><W120/><G120/><T95/><D38/><U12/><E61/><V23/><F67/><W64/><G72/><T7/><D31/><U32/><E32/><V102/><F102/><W130/><G130/><T57/><D46/><U83/><E10/><V106/><F106/><W63/><G107/><T60/><D100/><U127/><E127/><N who="0" m="48713" /><D95/><U84/><REACH who="1" step="1"/><E79/><REACH who="1" ten="284,6,367,333" step="2"/><V103/><F17/><N who="3" m="10287" /><G36/><T90/><D90/><U77/><E77/><V39/><F39/><W73/><G73/><T11/><D9/><U62/><E62/><V37/><F37/><W99/><G98/><T21/><AGARI ba="0,1" hai="5,7,11,15,16,21,24,29,52,57,60" m="48713" machi="21" ten="30,11700,0" yaku="18,1,52,1,54,2" doraHai="50" who="0" fromWho="0" sc="284,127,6,-39,367,-39,333,-39" owari="411,51.0,-33,-53.0,328,13.0,294,-11.0" /></mjloggm>