<mjloggm ver="2.3"><GO type="169" lobby="0"/><UN n0="%E9%8A%80%E8%89%B2%E3%81%84%E3%81%8C%E3%81%90%E3%82%8A" n1="%E3%81%9F%E3%81%8C%E3%82%84%E3%81%99" n2="%4E%4F%54%41" n3="%E8%9B%99%E3%81%AE%E7%8E%8B" dan="16,17,17,18" rate="2123.26,2221.47,2110.49,2267.18" sx="M,M,M,M"/><TAIKYOKU oya="0"/><INIT seed="0,0,0,0,0,130" ten="250,250,250,250" oya="0" hai0="1,91,60,14,5,92,76,95,120,88,34,10,85" hai1="118,99,81,135,116,129,53,26,112,101,49,27,19" hai2="42,7,122,50,29,102,62,97,35,37,40,83,109" hai3="57,31,125,111,2,22,28,87,30,94,44,47,73"/><T133/><D120/><U41/><E41/><V110/><F122/><W115/><G73/><T17/><D34/><U32/><E129/><V78/><F7/><W36/><G2/><T93/><D133/><U107/><E112/><V96/><F50/><W134/><G115/><T77/><D60/><U13/><E27/><N who="2" m="18879" /><F62/><W0/><G0/><T98/><REACH who="0" step="1"/><D92/><REACH who="0" ten="240,250,250,250" step="2"/><U16/><E135/><V46/><F42/><W128/><G94/><T123/><D123/><U59/><E32/><V131/><F131/><W66/><G134/><T33/><D33/><U105/><E105/><V61/><F61/><W80/><G128/><T38/><D38/><U20/><REACH who="1" step="1"/><E81/><REACH who="1" ten="240,240,250,250" step="2"/><V48/><F83/><W18/><G80/><T71/><D71/><U65/><E65/><V21/><F37/><W58/><G66/><T124/><D124/><U56/><E56/><V103/><F46/><W104/><G44/><T84/><D84/><U54/><E54/><V11/><F40/><W43/><G87/><T63/><D63/><U55/><E55/><V113/><F113/><W25/><G104/><T12/><D12/><U67/><E67/><V4/><F48/><W79/><G125/><T9/><AGARI ba="0,2" hai="1,5,9,10,14,17,76,77,85,88,91,93,95,98" machi="9" ten="20,18000,2" yaku="1,1,0,1,7,1,54,1,53,2" doraHai="130" doraHaiUra="72" who="0" fromWho="0" sc="240,200,240,-60,250,-60,250,-60" /><INIT seed="0,1,0,4,5,115" ten="440,180,190,190" oya="0" hai0="46,132,92,99,126,64,9,41,3,81,50,7,68" hai1="107,43,20,54,125,57,56,18,76,34,65,120,11" hai2="63,0,44,30,32,39,42,52,23,90,119,103,109" hai3="122,105,93,19,33,133,95,4,127,35,106,80,100"/><T58/><D132/><U6/><E107/><V85/><F109/><W82/><G4/><T96/><D126/><U75/><E120/><V21/><F0/><W87/><G19/><T31/><D68/><U104/><E104/><V45/><F103/><W27/><G27/><T51/><D31/><U101/><E101/><V72/><F72/><W37/><G100/><T73/><D92/><U74/><E34/><V98/><F98/><W112/><G37/><T49/><D64/><U79/><E43/><V88/><F90/><W84/><G112/><T12/><D12/><N who="1" m="5239" /><E74/><V91/><F91/><W29/><G29/><T77/><REACH who="0" step="1"/><D58/><REACH who="0" ten="430,180,190,190" step="2"/><U17/><E125/><V8/><F30/><W14/><G127/><T70/><D70/><U36/><E57/><V121/><F121/><W10/><G14/><T60/><D60/><U66/><E56/><V110/><F63/><W59/><G59/><T2/><D2/><U94/><E94/><V128/><F110/><W78/><G122/><T1/><D1/><U69/><E69/><V129/><F129/><W28/><G28/><T86/><D86/><U124/><E66/><V83/><F85/><W15/><G15/><T134/><D134/><U89/><E65/><V117/><F128/><W97/><G133/><T48/><AGARI ba="1,1" hai="3,7,9,41,46,48,49,50,51,73,77,81,96,99" machi="48" ten="30,3000,0" yaku="1,1,0,1,53,0" doraHai="115" doraHaiUra="108" who="0" fromWho="0" sc="430,43,180,-11,190,-11,190,-11" /><INIT seed="0,2,0,1,4,87" ten="473,169,179,179" oya="0" hai0="67,61,134,107,119,126,115,12,102,17,77,129,112" hai1="111,21,125,54,104,49,114,48,121,89,124,78,93" hai2="9,39,73,94,66,52,135,80,108,55,85,72,117" hai3="131,130,83,6,5,81,40,23,0,42,50,76,14"/><T133/><D119/><U75/><E104/><V103/><F117/><W132/><G0/><T25/><D77/><U99/><E121/><V105/><F39/><W53/><G23/><T106/><D25/><U27/><E114/><V36/><F36/><W71/><G71/><T24/><D24/><U74/><E111/><V20/><F66/><W109/><G109/><T91/><D129/><N who="3" m="49161" /><G132/><N who="0" m="50795" /><D126/><N who="1" m="48747" /><E49/><V44/><F105/><N who="0" m="39946" /><D102/><U33/><E33/><V128/><F103/><W32/><G32/><T95/><D67/><U92/><E78/><V10/><F108/><W82/><G76/><T86/><D61/><U19/><E92/><V60/><F94/><W26/><G26/><T45/><D45/><AGARI ba="2,0" hai="19,21,27,45,48,54,74,75,89,93,99" m="48747" machi="45" ten="30,2000,0" yaku="18,1,52,1" doraHai="87" who="1" fromWho="0" sc="473,-26,169,26,179,0,179,0" /><INIT seed="1,0,0,1,2,26" ten="447,195,179,179" oya="1" hai0="8,127,0,106,94,36,45,5,115,34,87,42,110" hai1="96,20,9,35,12,56,130,54,28,6,93,95,65" hai2="120,16,64,90,119,31,97,61,71,18,81,82,72" hai3="105,22,91,125,2,134,69,123,116,58,66,44,67"/><U19/><E65/><V88/><F119/><W48/><G2/><T102/><D115/><U3/><E130/><V21/><F120/><W103/><G123/><T101/><D34/><U112/><E112/><V74/><F97/><W92/><G116/><T57/><D106/><U104/><E104/><V100/><F100/><W60/><G134/><T85/><D110/><U78/><E78/><V33/><F33/><W15/><G125/><T77/><D127/><U99/><E99/><V30/><F21/><W1/><G1/><T132/><D132/><U47/><E47/><V50/><F50/><W83/><G105/><T108/><D108/><U17/><E17/><N who="2" m="6763" /><F61/><W70/><G103/><T114/><D114/><U126/><E126/><V107/><F64/><W124/><G124/><T129/><D129/><U62/><E96/><V11/><F11/><W29/><G67/><T51/><D36/><U55/><E55/><V13/><F13/><W59/><G15/><T80/><D57/><U98/><E98/><V46/><F46/><W133/><G70/><T117/><D117/><U122/><E122/><V76/><F71/><W14/><G133/><T27/><D27/><AGARI ba="0,0" hai="3,6,9,12,19,20,27,28,35,54,56,62,93,95" machi="27" ten="40,7700,0" yaku="24,2,52,1" doraHai="26" who="1" fromWho="0" sc="447,-77,195,77,179,0,179,0" /><INIT seed="1,1,0,3,5,91" ten="370,272,179,179" oya="1" hai0="92,89,23,126,71,1,39,84,55,64,112,22,28" hai1="14,37,123,50,18,58,115,120,81,0,90,124,2" hai2="16,51,56,133,93,135,29,26,110,9,75,42,45" hai3="86,44,76,127,6,62,85,131,68,33,47,80,63"/><U49/><E37/><V99/><F75/><W61/><G33/><T114/><D39/><U74/><E115/><V65/><F110/><W96/><G68/><T116/><D1/><U78/><E124/><V73/><F73/><W30/><G127/><T105/><D116/><U129/><E129/><V98/><F98/><W17/><G30/><T21/><D105/><U106/><E106/><V31/><F65/><W19/><G131/><T59/><D126/><U121/><E90/><N who="2" m="55735" /><F56/><W5/><G96/><T130/><D130/><U109/><E109/><V77/><F77/><W27/><G27/><T119/><D119/><U38/><E38/><V15/><F26/><W69/><G69/><T12/><D28/><U66/><E66/><V20/><F9/><W122/><G122/><T113/><D64/><U57/><E57/><V125/><F125/><W48/><G86/><T7/><D71/><U97/><E97/><V3/><F3/><W35/><G35/><T94/><D7/><N who="3" m="2569" /><G44/><T100/><D100/><U24/><E24/><V83/><F83/><W13/><G13/><T41/><D12/><U32/><E32/><V54/><F42/><AGARI ba="1,0" hai="17,19,42,47,48,61,62,63,76,80,85" m="2569" machi="42" ten="30,1000,0" yaku="8,1" doraHai="91" who="3" fromWho="2" sc="370,0,272,0,179,-13,179,13" /><INIT seed="2,0,0,2,5,65" ten="370,272,166,192" oya="2" hai0="133,22,43,18,11,124,15,88,52,90,79,9,96" hai1="51,111,2,55,71,122,108,44,104,77,47,80,132" hai2="68,70,13,59,26,76,82,33,72,10,135,23,89" hai3="6,112,78,69,73,5,93,125,58,38,126,20,100"/><V40/><F33/><W57/><G38/><T129/><D133/><U27/><E104/><V85/><F135/><W74/><G20/><T14/><D129/><U36/><E132/><V60/><F40/><W87/><G100/><T83/><D124/><N who="3" m="47721" /><G78/><T91/><D43/><U128/><E128/><V53/><F72/><N who="3" m="27755" /><G87/><N who="0" m="48639" /><D96/><U110/><E77/><V28/><REACH who="2" step="1"/><F76/><REACH who="2" ten="370,272,156,192" step="2"/><W54/><G112/><T106/><D106/><U103/><E110/><V118/><F118/><W116/><G116/><T34/><D34/><U81/><E108/><V50/><F50/><W105/><G105/><T62/><D14/><U109/><E51/><V49/><F49/><W101/><G54/><T45/><D45/><U1/><E55/><V127/><F127/><W19/><G58/><AGARI ba="0,1" hai="9,11,15,18,22,52,58,62,88,90,91" m="48639" machi="58" ten="30,3900,0" yaku="8,1,54,2" doraHai="65" who="0" fromWho="3" sc="370,49,272,0,156,0,192,-39" /><INIT seed="3,0,0,0,1,101" ten="419,272,156,153" oya="3" hai0="43,72,90,35,80,89,77,125,13,1,39,130,98" hai1="133,104,51,6,26,121,20,79,42,99,55,118,11" hai2="2,113,16,41,52,109,45,8,128,59,124,74,81" hai3="117,48,29,25,61,107,85,84,73,0,108,9,120"/><W49/><G73/><T115/><D1/><U40/><E79/><V3/><F113/><W100/><G120/><T12/><D35/><U21/><E121/><V24/><F124/><W126/><G117/><T86/><D125/><U132/><E118/><V123/><F128/><W57/><G126/><T58/><D130/><U34/><E34/><V53/><F123/><W87/><G108/><T5/><D115/><U95/><E21/><V67/><F109/><W127/><G127/><T31/><D31/><U56/><E104/><V93/><F93/><W106/><G48/><T60/><D5/><U54/><E54/><V7/><F2/><W23/><G49/><T94/><D43/><U17/><E133/><V38/><F67/><W14/><G100/><T97/><D39/><U18/><E18/><V69/><F69/><W129/><G0/><T10/><D10/><U27/><E27/><V4/><F4/><W134/><G134/><T92/><D72/><U91/><E132/><V131/><F131/><W37/><G37/><T88/><D77/><U22/><E22/><N who="2" m="13383" /><F59/><W114/><G114/><T46/><D46/><U71/><E71/><V102/><F102/><W36/><G36/><T135/><D135/><U19/><E19/><V15/><F15/><AGARI ba="0,0" hai="6,11,15,17,20,26,40,42,51,55,56,91,95,99" machi="15" ten="30,2000,0" yaku="7,1,8,1" doraHai="101" who="1" fromWho="2" sc="419,0,272,20,156,-20,153,0" /><INIT seed="4,0,0,0,5,131" ten="419,292,136,153" oya="0" hai0="16,50,6,111,40,66,33,53,68,56,42,14,54" hai1="35,109,83,60,5,86,121,47,57,82,49,18,15" hai2="94,63,120,9,80,41,126,101,69,129,36,116,88" hai3="3,71,45,125,25,99,105,0,102,31,11,17,92"/><T51/><D111/><U77/><E35/><V61/><F120/><W32/><G125/><T118/><D118/><U23/><E121/><V124/><F129/><W115/><G115/><T4/><D33/><U123/><E123/><V134/><F116/><W112/><G112/><T37/><D37/><U117/><E117/><V64/><F101/><W95/><G45/><T113/><D113/><U62/><E109/><V70/><F80/><W119/><G119/><T76/><D76/><U72/><E5/><N who="0" m="2153" /><D66/><U73/><E73/><V90/><F9/><W87/><G71/><N who="2" m="27145" /><F64/><W38/><G38/><T67/><D67/><U13/><E13/><V7/><F7/><W74/><G74/><T46/><D68/><U24/><E15/><V65/><F65/><W1/><G11/><AGARI ba="0,0" hai="11,14,16,40,42,46,50,51,53,54,56" m="2153" machi="11" ten="30,2900,0" yaku="8,1,54,1" doraHai="131" who="0" fromWho="3" sc="419,29,292,0,136,0,153,-29" /><INIT seed="4,1,0,2,5,48" ten="448,292,136,124" oya="0" hai0="120,51,35,39,10,69,28,21,16,59,68,34,63" hai1="66,40,117,106,134,102,24,58,50,3,124,77,129" hai2="19,111,122,8,25,57,67,6,81,128,91,1,41" hai3="71,135,4,99,130,65,72,79,5,126,37,23,60"/><T27/><D120/><U33/><E50/><V89/><F122/><W30/><G37/><T96/><D39/><U12/><E58/><V112/><F111/><W80/><G135/><T20/><D10/><U2/><E12/><V103/><F128/><W82/><G130/><T105/><D51/><U92/><E92/><V133/><F112/><W123/><G123/><T18/><D28/><U87/><E87/><V13/><F133/><W114/><G114/><T98/><D105/><U75/><E106/><V22/><F103/><W32/><G126/><T15/><D35/><U97/><E33/><V86/><F41/><W53/><G82/><T83/><D34/><U38/><E38/><V127/><F127/><W118/><G118/><T108/><D108/><U36/><E36/><V17/><F67/><W64/><G64/><T132/><D132/><U31/><E66/><V121/><F121/><W62/><G99/><T90/><D69/><U107/><E117/><V104/><F104/><W55/><G32/><T0/><D0/><U47/><E2/><V95/><F57/><W73/><G73/><T9/><D9/><U78/><E75/><V45/><F45/><W94/><G94/><T14/><D27/><U115/><E124/><V125/><F125/><W7/><REACH who="3" step="1"/><G62/><REACH who="3" ten="448,292,136,114" step="2"/><T116/><D116/><U93/><E134/><V29/><REACH who="2" step="1"/><F1/><REACH who="2" ten="448,292,126,114" step="2"/><W52/><G52/><N who="0" m="34279" /><D68/><U85/><E129/><V49/><F49/><W61/><G61/><T101/><D101/><U42/><E102/><V119/><F119/><W100/><G100/><T110/><D110/><U46/><E115/><V109/><F109/><RYUUKYOKU ba="1,2" sc="448,10,292,-30,126,10,114,10" hai0="14,15,16,18,20,21,83,90,96,98" hai2="6,8,13,17,19,22,25,29,81,86,89,91,95" hai3="4,5,7,23,30,53,55,60,65,71,72,79,80" /><INIT seed="4,2,2,5,2,13" ten="458,262,136,124" oya="0" hai0="80,11,29,54,105,47,89,135,128,97,100,58,21" hai1="56,133,103,50,15,113,9,51,65,124,59,25,77" hai2="131,17,102,1,64,134,36,93,31,123,63,48,127" hai3="46,16,96,8,12,73,18,72,45,90,98,76,6"/><T34/><D34/><U69/><E69/><V129/><F36/><W7/><G73/><T61/><D135/><U108/><E108/><V39/><F39/><W55/><G72/><T42/><D128/><N who="2" m="49226" /><F1/><W66/><G76/><T35/><D35/><U120/><E120/><V110/><F110/><W40/><G66/><T111/><D111/><U57/><E133/><V23/><F134/><W0/><G40/><T60/><D11/><U10/><E124/><V99/><F127/><W86/><G0/><T78/><D89/><U43/><E113/><V30/><F48/><N who="3" m="29071" /><G46/><T126/><D126/><U32/><E103/><V119/><F119/><W68/><G68/><T4/><D4/><N who="3" m="1577" /><G18/><T125/><D125/><U101/><E77/><V83/><F123/><W71/><G71/><T118/><D118/><U74/><E74/><V121/><F121/><W116/><G116/><T115/><D115/><U132/><E65/><V49/><F49/><W41/><G41/><T5/><D5/><U130/><E43/><V33/><F33/><W37/><G37/><T2/><D2/><U27/><E32/><V14/><F83/><AGARI ba="2,2" hai="8,12,16,83,86,90,96,98" m="1577,29071" machi="83" ten="30,7700,0" yaku="25,1,8,1,52,1,54,1" doraHai="13" who="3" fromWho="2" sc="458,0,262,0,136,-83,124,103" /><INIT seed="5,0,0,2,0,133" ten="458,262,53,227" oya="1" hai0="82,124,121,96,111,49,65,33,122,70,23,105,36" hai1="125,68,128,69,102,71,108,87,98,91,64,17,57" hai2="19,53,103,101,31,92,55,4,60,0,5,86,118" hai3="132,10,52,81,50,107,18,90,14,24,32,12,39"/><U38/><E38/><V127/><F118/><W80/><G39/><T130/><D33/><U40/><E40/><V113/><F113/><W13/><G107/><T16/><D36/><U61/><E128/><V41/><F41/><W89/><G132/><T84/><D130/><U67/><E108/><V120/><F120/><N who="0" m="46186" /><D124/><U119/><E119/><V72/><F72/><W131/><G131/><T62/><D49/><U77/><E77/><V9/><F31/><W112/><G112/><T59/><D111/><U1/><E1/><V110/><F110/><W126/><G126/><T54/><D96/><U28/><E125/><V15/><F127/><W114/><G114/><T100/><D100/><U56/><E17/><V123/><F123/><W37/><G37/><T116/><D105/><U134/><E28/><V27/><F4/><W8/><G32/><T109/><D116/><U25/><E25/><V129/><F129/><W43/><G43/><T2/><D2/><U21/><E21/><V42/><F42/><W34/><G34/><T26/><D109/><U20/><E20/><V83/><F27/><W95/><G24/><T97/><D97/><U29/><E29/><V3/><F3/><W47/><G14/><T22/><D22/><U6/><E134/><V66/><F0/><W35/><G35/><T115/><D115/><U58/><E6/><V63/><F5/><N who="3" m="3087" /><G90/><N who="0" m="51479" /><D70/><U48/><E48/><V117/><F117/><W51/><G51/><T44/><D44/><U99/><E99/><AGARI ba="0,0" hai="10,13,18,47,50,52,80,81,89,95,99" m="3087" machi="99" ten="30,2000,0" yaku="8,1,54,1" doraHai="133" who="3" fromWho="1" sc="458,0,262,-20,53,0,227,20" /><INIT seed="6,0,0,3,3,22" ten="458,242,53,247" oya="2" hai0="99,89,130,53,117,113,64,76,101,105,36,126,29" hai1="122,69,65,110,16,8,93,106,46,133,102,2,114" hai2="91,132,121,40,78,115,19,90,104,33,9,56,26" hai3="50,81,118,4,30,124,17,10,87,62,21,72,82"/><V134/><F121/><W123/><G123/><T125/><D113/><U97/><E106/><V70/><F104/><W34/><G118/><T120/><D130/><U48/><E110/><V79/><F70/><W54/><G124/><N who="0" m="47723" /><D120/><U32/><E122/><V66/><F40/><W47/><G34/><T0/><D117/><U55/><E114/><V11/><F115/><W135/><G30/><T37/><D0/><U60/><E133/><N who="2" m="51307" /><F66/><W1/><G135/><T94/><D76/><N who="2" m="29226" /><F56/><W52/><G72/><T28/><D53/><U63/><E63/><V6/><F19/><W74/><G74/><T73/><D73/><U41/><E41/><V49/><F49/><W128/><G128/><T44/><D64/><U116/><E116/><V5/><F26/><W119/><G119/><T83/><D83/><U112/><E112/><V127/><F33/><W80/><G62/><T25/><D44/><U86/><E32/><V98/><F127/><W15/><G54/><T75/><D75/><U77/><E16/><V12/><F98/><W43/><G43/><T31/><D25/><U42/><E42/><V95/><F95/><W35/><G35/><T109/><D109/><U111/><E111/><V27/><F27/><N who="3" m="14767" /><G1/><AGARI ba="0,0" hai="1,5,6,9,11,12,90,91" m="29226,51307" machi="1" ten="30,1500,0" yaku="20,1" doraHai="22" who="2" fromWho="3" sc="458,0,242,0,53,15,247,-15" /><INIT seed="6,1,0,0,5,8" ten="458,242,68,232" oya="2" hai0="13,83,28,82,2,84,108,21,120,40,37,79,9" hai1="134,0,1,97,5,53,32,54,38,86,34,69,35" hai2="20,100,105,29,116,113,18,50,123,78,41,31,52" hai3="3,77,10,63,85,25,112,121,133,98,24,48,127"/><V56/><F116/><W61/><G121/><T30/><D108/><U59/><E69/><V47/><F123/><W67/><G133/><T6/><D120/><U65/><E65/><V70/><F70/><W80/><G127/><T92/><D37/><U46/><E134/><V110/><F110/><W103/><G112/><T27/><D40/><U135/><E135/><V109/><F109/><W91/><G48/><T104/><D104/><U66/><E66/><V122/><F122/><W49/><G61/><T62/><D2/><U68/><E68/><V19/><F113/><W26/><G49/><T74/><D92/><U124/><E86/><V51/><F78/><W60/><G77/><T36/><D62/><N who="3" m="23593" /><G3/><T102/><D102/><U125/><E97/><V72/><F72/><W107/><G10/><T89/><D36/><U57/><E38/><V16/><REACH who="2" step="1"/><F20/><REACH who="2" ten="458,242,58,232" step="2"/><W73/><G73/><T119/><D119/><U132/><E132/><V94/><F94/><N who="3" m="58839" /><G67/><T42/><D42/><U106/><E106/><V99/><AGARI ba="1,1" hai="16,18,19,29,31,41,47,50,51,52,56,99,100,105" machi="99" ten="30,11700,0" yaku="1,1,0,1,54,2,53,0" doraHai="8" doraHaiUra="11" who="2" fromWho="2" sc="458,-40,242,-40,58,130,232,-40" /><INIT seed="6,2,0,3,1,63" ten="418,202,188,192" oya="2" hai0="48,118,129,25,114,117,41,14,0,52,79,120,62" hai1="45,60,83,128,71,33,67,44,34,59,70,58,87" hai2="95,130,116,18,7,90,53,135,72,6,121,61,26" hai3="3,124,17,119,107,35,49,4,46,76,100,110,99"/><V93/><F116/><N who="0" m="44650" /><D114/><U2/><E2/><V91/><F121/><W82/><G119/><T13/><D0/><U54/><E128/><V105/><F105/><W103/><G35/><T12/><D129/><U43/><E33/><V23/><F72/><W131/><G131/><T77/><D120/><U42/><E34/><V65/><F135/><W31/><G110/><T56/><D25/><U127/><E127/><V133/><F133/><W30/><G124/><T24/><D24/><U122/><E122/><V96/><F130/><W125/><G103/><T104/><D104/><U68/><E87/><V92/><F53/><W16/><G125/><T81/><D81/><U55/><E83/><V106/><F106/><W66/><G66/><N who="0" m="39239" /><D41/><N who="1" m="15371" /><E55/><V22/><F22/><W73/><G31/><T32/><D32/><U98/><E98/><V38/><F38/><W47/><G30/><T29/><D29/><U51/><AGARI ba="2,0" hai="44,45,51,54,58,59,60,67,68,70,71" m="15371" machi="51" ten="40,12000,2" yaku="35,5,52,1" doraHai="63" who="1" fromWho="1" sc="418,-32,202,126,188,-62,192,-32" /><INIT seed="7,0,0,2,2,109" ten="386,328,126,160" oya="3" hai0="40,80,62,24,94,22,131,33,37,104,4,114,129" hai1="15,49,117,47,66,35,118,45,20,95,105,10,86" hai2="14,36,30,1,55,50,28,39,98,19,61,70,128" hai3="119,101,125,16,116,82,93,65,18,54,5,92,103"/><W26/><G65/><T67/><D114/><U63/><E105/><V132/><F1/><W8/><G125/><T68/><D104/><U77/><E35/><V73/><F73/><W13/><G82/><T96/><D33/><U75/><E75/><V53/><F132/><W87/><G119/><T121/><D121/><U124/><E20/><V135/><F135/><W84/><G116/><T85/><D4/><U64/><E47/><V60/><F128/><N who="0" m="49226" /><D40/><U107/><E107/><V38/><F98/><W12/><G54/><T69/><D37/><U102/><E124/><V106/><F106/><W46/><G46/><T89/><D62/><U100/><E66/><V74/><F74/><W113/><G26/><T78/><D67/><U115/><E115/><V122/><F122/><W79/><G113/><T42/><D42/><U83/><E95/><N who="3" m="36426" /><G5/><T76/><D76/><U6/><E118/><V59/><F70/><W133/><G133/><T43/><D43/><N who="1" m="24767" /><E117/><V9/><REACH who="2" step="1"/><F50/><REACH who="2" ten="386,328,116,160" step="2"/><W27/><G84/><T88/><D69/><AGARI ba="0,1" hai="6,10,15,63,64,69,77,83,86,100,102" m="24767" machi="69" ten="30,1000,0" yaku="25,1" doraHai="109" who="1" fromWho="0" sc="386,-10,328,20,116,0,160,0" owari="376,47.0,348,15.0,116,-38.0,160,-24.0" /></mjloggm>