<mjloggm ver="2.3"><GO type="169" lobby="0"/><UN n0="%37%79%79%79%79%79%79" n1="%E6%9C%A8%E5%8E%9F%E8%B1%AA%E4%B8%80" n2="%E3%81%B5%E3%81%BF%4B%55%4E" n3="%6D%69%6E%64%6D%61%70" dan="16,17,16,16" rate="2117.24,2153.19,2085.94,2109.22" sx="M,M,M,M"/><TAIKYOKU oya="0"/><INIT seed="0,0,0,5,2,16" ten="250,250,250,250" oya="0" hai0="71,96,101,4,122,125,81,129,134,97,61,73,119" hai1="127,130,126,11,94,131,70,95,31,34,93,103,19" hai2="45,100,135,120,128,115,0,53,54,106,58,76,15" hai3="32,12,98,84,69,20,17,57,10,47,89,46,1"/><T42/><D122/><U29/><E70/><V111/><F0/><W28/><G69/><T18/><D119/><U37/><E37/><V87/><F115/><W82/><G57/><T107/><D4/><U105/><E34/><V108/><F120/><W77/><G98/><T110/><D42/><U35/><E35/><V9/><F135/><W92/><G32/><T44/><D134/><U121/><E121/><V36/><F128/><N who="1" m="49193" /><E105/><V79/><F100/><W83/><G83/><T51/><D129/><U49/><E49/><V67/><F67/><W133/><G133/><T33/><D33/><U21/><E11/><V72/><F72/><W38/><G38/><T123/><D123/><U41/><E41/><V85/><F106/><W26/><REACH who="3" step="1"/><G1/><REACH who="3" ten="250,250,250,240" step="2"/><T40/><D71/><U88/><E103/><V48/><F36/><W39/><G39/><T43/><D97/><U3/><E3/><V112/><F112/><W24/><G24/><T99/><D99/><N who="1" m="57767" /><E94/><V118/><F118/><W2/><G2/><T14/><D107/><U50/><E95/><V8/><F58/><W86/><AGARI ba="0,1" hai="10,12,17,20,26,28,46,47,77,82,84,86,89,92" machi="86" ten="20,8000,1" yaku="1,1,0,1,7,1,8,1,52,1,53,0" doraHai="16" doraHaiUra="56" who="3" fromWho="3" sc="250,-40,250,-20,250,-20,240,90" /><INIT seed="1,0,0,0,2,54" ten="210,230,230,330" oya="1" hai0="127,23,32,94,131,34,37,17,21,9,38,98,123" hai1="109,60,116,107,119,86,35,101,80,81,31,67,66" hai2="20,70,28,133,42,122,53,103,3,26,49,11,62" hai3="46,14,4,39,91,89,128,100,5,10,92,132,44"/><U96/><E67/><V63/><F122/><W105/><G128/><T1/><D131/><U134/><E134/><V65/><F133/><W106/><G132/><T97/><D127/><U68/><E109/><V55/><F103/><W99/><G4/><T83/><D83/><U117/><REACH who="1" step="1"/><E86/><REACH who="1" ten="210,220,230,330" step="2"/><V58/><F3/><W51/><G106/><T13/><D123/><U33/><E33/><V41/><REACH who="2" step="1"/><F11/><REACH who="2" ten="210,220,220,330" step="2"/><W50/><G10/><T110/><D9/><U27/><AGARI ba="0,2" hai="27,31,35,60,66,68,80,81,96,101,107,116,117,119" machi="27" ten="40,12000,1" yaku="1,1,0,1,25,2,53,1" doraHai="54" doraHaiUra="64" who="1" fromWho="1" sc="210,-40,220,140,220,-40,330,-40" /><INIT seed="1,1,0,1,5,66" ten="170,360,180,290" oya="1" hai0="12,75,33,49,83,40,62,91,120,55,100,60,79" hai1="110,129,116,65,82,70,98,133,17,27,113,115,102" hai2="74,61,76,71,9,13,34,117,1,105,101,7,44" hai3="4,97,38,122,43,51,2,96,86,57,37,80,18"/><U3/><E116/><V19/><F117/><W23/><G122/><T0/><D0/><U46/><E3/><V92/><F34/><W88/><G2/><T103/><D33/><U39/><E133/><V78/><F74/><W127/><G127/><T53/><D120/><U54/><E129/><V10/><F105/><W99/><G4/><T134/><D134/><U89/><E89/><V5/><F44/><W16/><G18/><T32/><D32/><U69/><E82/><V112/><F112/><W56/><G38/><T93/><D40/><N who="1" m="22815" /><E17/><V108/><F19/><W6/><G37/><T11/><D103/><U24/><E24/><V126/><F126/><W121/><G121/><T50/><D100/><U104/><E54/><V14/><F1/><W85/><G6/><T130/><D130/><U106/><E27/><V135/><F135/><W109/><G43/><T87/><D53/><U30/><E30/><V95/><F101/><W119/><G51/><T47/><D50/><U118/><E106/><V52/><F52/><W20/><G20/><T128/><D128/><U26/><E26/><V58/><F92/><N who="3" m="54295" /><G119/><T84/><REACH who="0" step="1"/><D75/><REACH who="0" ten="160,360,180,290" step="2"/><U31/><E118/><V45/><F7/><AGARI ba="1,1" hai="7,11,12,47,49,55,60,62,79,83,84,87,91,93" machi="7" ten="30,7700,0" yaku="1,1,2,1,7,1,8,1,53,0" doraHai="66" doraHaiUra="124" who="0" fromWho="2" sc="160,90,360,0,180,-80,290,0" /><INIT seed="2,0,0,3,4,55" ten="250,360,100,290" oya="2" hai0="22,32,33,111,121,133,45,49,130,43,82,39,79" hai1="64,92,131,52,116,62,12,66,5,31,51,94,97" hai2="123,28,81,20,89,17,37,113,86,42,135,63,23" hai3="99,9,119,70,134,53,35,100,16,125,69,75,117"/><V67/><F113/><W112/><G35/><T129/><D121/><U30/><E116/><V58/><F123/><W47/><G75/><T36/><D133/><U54/><E131/><N who="0" m="50185" /><D111/><U6/><E62/><V85/><F135/><W93/><G134/><T18/><D18/><U65/><E92/><V7/><F7/><N who="1" m="2569" /><E12/><V10/><F28/><N who="1" m="10793" /><E51/><V127/><F127/><W21/><G125/><T2/><D22/><U83/><E83/><V48/><F37/><N who="0" m="14410" /><D2/><U73/><E73/><AGARI ba="0,0" hai="32,33,43,45,49,73,79,82" m="14410,50185" machi="73" ten="30,1000,0" yaku="19,1" doraHai="55" who="0" fromWho="1" sc="250,10,360,-10,100,0,290,0" /><INIT seed="3,0,0,2,3,49" ten="260,350,100,290" oya="3" hai0="125,85,102,104,22,54,25,36,106,57,18,72,20" hai1="53,65,63,40,129,110,67,31,26,56,2,64,100" hai2="34,82,0,71,134,86,105,87,80,23,62,11,48" hai3="10,41,120,7,37,59,112,98,78,115,16,30,5"/><W118/><G118/><T130/><D72/><U127/><E2/><V3/><F105/><W15/><G120/><T50/><D36/><U4/><E110/><V58/><F34/><W116/><G116/><T90/><D125/><U114/><E114/><V52/><F134/><W107/><G78/><T113/><D113/><U38/><E127/><V35/><F35/><W28/><G41/><T101/><D130/><U75/><E75/><V103/><F103/><W135/><G37/><T83/><D106/><U76/><E76/><V33/><F33/><W43/><G43/><T89/><D104/><U13/><E129/><V14/><F23/><N who="3" m="11679" /><G98/><T133/><D133/><U132/><E132/><V79/><F71/><W55/><G107/><T81/><D22/><N who="1" m="15831" /><E38/><V108/><F108/><W6/><G135/><T73/><D73/><U97/><E40/><V42/><F42/><W128/><G128/><T96/><D81/><U126/><E126/><V119/><F119/><W93/><G93/><AGARI ba="0,0" hai="18,20,25,50,54,57,83,85,89,90,93,96,101,102" machi="93" ten="40,2600,0" yaku="8,1,52,1" doraHai="49" who="0" fromWho="3" sc="260,26,350,0,100,0,290,-26" /><INIT seed="4,0,0,4,2,96" ten="286,350,100,264" oya="0" hai0="132,102,110,60,7,109,115,129,86,57,127,111,4" hai1="121,101,54,40,25,15,24,21,63,90,83,67,38" hai2="58,113,123,80,48,107,72,55,13,77,82,20,85" hai3="87,75,16,59,130,126,17,71,114,92,5,22,30"/><T119/><D119/><U135/><E121/><V37/><F123/><W27/><G114/><T14/><D115/><U76/><E135/><V125/><F37/><W133/><G71/><T89/><D132/><U31/><E90/><V56/><F113/><W93/><G133/><T88/><D129/><U28/><E54/><V84/><F125/><W8/><G75/><T64/><D127/><U34/><E15/><V9/><F107/><W35/><G130/><T3/><D3/><U105/><E40/><V103/><F72/><W81/><G126/><T62/><D62/><U78/><E38/><V122/><F122/><W32/><G59/><T106/><D14/><U1/><E1/><V39/><F39/><W51/><G51/><T66/><D66/><U47/><E47/><V79/><F20/><W120/><G120/><T12/><D12/><U112/><E112/><V49/><F103/><W41/><G41/><T18/><D18/><N who="3" m="7273" /><G93/><N who="0" m="54423" /><D89/><U65/><E65/><V46/><REACH who="2" step="1"/><F48/><REACH who="2" ten="286,350,90,264" step="2"/><W52/><G22/><T69/><D69/><U108/><E105/><V134/><F134/><W95/><G35/><T116/><D116/><U19/><E34/><V104/><F104/><W128/><G32/><T131/><D131/><U26/><E21/><V124/><F124/><W29/><G128/><T2/><D106/><U33/><E33/><V50/><F50/><W44/><G8/><N who="0" m="2071" /><D102/><U43/><E101/><V99/><F99/><W61/><G30/><T6/><AGARI ba="0,1" hai="6,7,57,60,64,109,110,111" m="2071,54423" machi="6" ten="40,3900,0" yaku="10,1,54,1" doraHai="96" who="0" fromWho="0" sc="286,49,350,-13,90,-13,264,-13" /><INIT seed="4,1,0,3,5,47" ten="335,337,77,251" oya="0" hai0="32,51,128,69,48,67,116,66,22,70,75,94,4" hai1="23,33,119,121,71,74,93,50,57,103,58,35,46" hai2="113,26,92,114,100,77,53,73,109,117,10,17,29" hai3="88,30,105,1,83,132,13,80,106,11,27,82,42"/><T25/><D32/><U133/><E71/><N who="0" m="27145" /><D75/><U65/><E74/><V54/><F109/><W72/><G1/><T31/><D94/><U134/><E119/><V49/><F117/><W14/><G132/><T81/><D81/><U89/><E121/><V96/><F73/><W124/><G124/><T125/><D4/><U7/><E7/><V97/><F77/><W24/><G72/><T62/><D31/><U79/><E79/><V86/><F86/><W6/><G42/><T122/><D25/><U84/><E103/><V60/><F60/><W68/><G68/><N who="0" m="42071" /><D116/><U55/><E23/><V12/><F96/><W108/><G14/><T28/><D28/><U56/><REACH who="1" step="1"/><E65/><REACH who="1" ten="335,327,77,251" step="2"/><V102/><F102/><W64/><G64/><T110/><D67/><U19/><E19/><V135/><F135/><AGARI ba="1,1" hai="33,35,46,50,55,56,57,58,84,89,93,133,134,135" machi="135" ten="40,5200,0" yaku="1,1,20,1,52,1,53,0" doraHai="47" doraHaiUra="118" who="1" fromWho="2" sc="335,0,327,65,77,-55,251,0" /><INIT seed="5,0,0,3,2,63" ten="335,392,22,251" oya="1" hai0="47,102,61,135,17,81,74,105,80,91,70,25,133" hai1="50,68,110,119,69,107,71,108,90,79,131,56,16" hai2="12,112,1,38,72,100,114,35,116,19,54,83,41" hai3="77,0,127,4,10,103,55,125,88,84,65,30,86"/><U97/><E119/><V57/><F116/><W132/><G103/><T121/><D121/><U115/><E79/><V43/><F35/><W64/><G132/><N who="0" m="50763" /><D47/><U42/><E115/><V11/><F100/><W87/><G30/><T58/><D70/><U106/><E131/><V67/><F1/><W27/><G27/><T60/><D105/><U31/><E31/><V36/><F83/><N who="3" m="47215" /><G55/><T99/><D91/><U2/><E2/><V49/><F72/><W28/><G28/><T122/><D74/><U130/><E130/><V48/><F19/><W26/><G26/><T14/><D25/><U8/><E42/><N who="2" m="15883" /><F12/><W44/><G44/><T32/><D32/><U93/><E56/><N who="2" m="32839" /><F11/><W92/><G86/><T104/><D61/><U20/><E8/><V51/><F51/><W33/><G33/><T40/><D40/><U34/><E50/><V21/><F21/><W59/><G59/><T98/><D98/><U9/><E9/><V22/><F22/><W45/><G45/><T85/><D122/><U7/><E34/><V73/><F73/><W124/><AGARI ba="0,0" hai="0,4,10,64,65,87,88,92,124,125,127" m="47215" machi="124" ten="30,7900,0" yaku="18,1,52,2,54,1" doraHai="63" who="3" fromWho="3" sc="335,-20,392,-39,22,-20,251,79" /><INIT seed="6,0,0,5,2,102" ten="315,353,2,330" oya="2" hai0="83,4,84,57,69,10,21,89,50,68,48,20,109" hai1="126,106,119,61,38,51,15,54,76,94,45,0,114" hai2="8,116,7,64,130,120,70,86,35,78,99,71,6" hai3="24,81,59,97,82,23,18,52,60,32,30,96,2"/><V33/><F116/><W41/><G2/><T90/><D109/><U113/><E119/><V103/><F120/><W135/><G135/><T108/><D108/><U12/><E0/><V29/><F130/><W125/><G125/><T80/><D57/><U74/><E106/><V72/><F86/><W92/><G41/><T58/><D58/><N who="1" m="35031" /><E38/><V28/><F28/><W36/><G36/><T49/><D69/><U62/><E62/><N who="2" m="40215" /><F7/><W34/><G97/><T55/><D68/><U63/><E63/><V115/><F71/><W1/><G1/><T105/><D105/><U44/><E44/><V67/><F67/><W66/><G66/><T39/><D55/><N who="1" m="30191" /><E94/><V25/><F115/><N who="1" m="44041" /><E126/><V65/><F65/><W85/><G30/><T56/><D56/><U31/><E31/><V42/><F42/><W134/><G134/><T77/><D39/><U9/><E9/><V16/><F16/><W104/><G104/><T132/><D132/><U117/><E117/><V95/><F33/><N who="3" m="12907" /><G85/><T37/><D37/><U124/><E124/><V11/><F11/><W19/><G19/><T91/><REACH who="0" step="1"/><D83/><AGARI ba="0,0" hai="12,15,74,76,83" m="44041,30191,35031" machi="83" ten="30,1000,0" yaku="15,1" doraHai="102" who="1" fromWho="0" sc="315,-10,353,10,2,0,330,0" /><INIT seed="7,0,0,5,3,1" ten="305,363,2,330" oya="3" hai0="44,123,56,30,131,94,81,7,39,55,88,129,86" hai1="64,93,33,17,104,60,134,46,98,71,106,96,115" hai2="61,65,40,19,83,9,130,34,32,43,72,24,21" hai3="62,13,51,52,5,133,82,135,53,76,66,41,45"/><W68/><G13/><T112/><D123/><U15/><E33/><V0/><F83/><W37/><G5/><T57/><D30/><U11/><E115/><V58/><F43/><W78/><G53/><T87/><D112/><U35/><E35/><V25/><F40/><W50/><G50/><N who="0" m="29127" /><D39/><U125/><E125/><V74/><F58/><N who="3" m="33055" /><G82/><T116/><D116/><U107/><E134/><AGARI ba="0,0" hai="37,41,45,62,66,68,76,78,133,134,135" m="33055" machi="134" ten="30,5800,0" yaku="24,1,20,1,54,1" doraHai="1" who="3" fromWho="1" sc="305,0,363,-58,2,0,330,58" owari="305,11.0,305,-9.0,2,-50.0,388,48.0" /></mjloggm>