<mjloggm ver="2.3"><GO type="185" lobby="0"/><UN n0="%E3%81%9F%E3%82%93%E3%82%86%E3%81%86" n1="%E5%8C%97%E5%B2%A1%E3%81%BE%E3%81%A4%E3%81%9F%E3%81%91" n2="%E2%98%86%E3%83%97%E3%83%A9%E3%83%81%E3%83%8A" n3="" dan="17,16,16,0" rate="2290.59,2276.85,2203.67,1500.00" sx="F,F,M,C"/><TAIKYOKU oya="0"/><INIT seed="0,0,0,0,1,111" ten="350,350,350,0" oya="0" hai0="112,70,37,108,3,116,80,135,69,53,79,100,33" hai1="90,59,99,127,106,55,41,74,134,83,72,125,97" hai2="54,102,107,84,89,61,115,133,78,49,103,81,124" hai3=""/><T77/><D53/><U110/><E110/><V98/><F124/><N who="1" m="47689" /><E41/><V122/><N who="2" m="31264" /><V66/><F115/><T36/><D80/><U52/><E134/><V63/><F133/><T95/><D95/><U128/><E55/><V75/><F102/><T126/><D100/><U50/><E128/><V121/><N who="2" m="31008" /><V109/><F109/><T94/><D94/><U47/><E106/><V35/><F35/><T39/><D39/><U87/><E47/><V88/><F75/><AGARI ba="0,0" hai="50,52,59,72,74,75,83,87,90,97,99" m="47689" machi="75" ten="30,2000,0" yaku="18,1,54,1" doraHai="111" who="1" fromWho="2" sc="350,0,350,20,350,-20,0,0" /><INIT seed="1,0,0,0,1,111" ten="350,370,330,0" oya="1" hai0="39,134,57,53,74,69,61,36,47,46,115,40,54" hai1="87,45,83,100,122,107,1,58,95,0,49,50,127" hai2="80,99,68,94,38,93,84,98,63,118,114,75,121" hai3=""/><U116/><N who="1" m="31264" /><U126/><E107/><V62/><N who="2" m="31008" /><V42/><F118/><T112/><D74/><U51/><E116/><V125/><F75/><T3/><D3/><U66/><E0/><V91/><F125/><N who="1" m="47625" /><E1/><V65/><F63/><T77/><D77/><U90/><E66/><V135/><F135/><T35/><D35/><U103/><E58/><V105/><F105/><T33/><D33/><U104/><E104/><V34/><F34/><T123/><N who="0" m="31520" /><T43/><D134/><U81/><E45/><V73/><F42/><T37/><D69/><U60/><E60/><V102/><F38/><T48/><D37/><U76/><E83/><V101/><F73/><AGARI ba="0,0" hai="49,50,51,73,76,81,87,90,95,100,103" m="47625,31264" machi="73" ten="30,2900,0" yaku="18,1,52,1" doraHai="111" who="1" fromWho="2" sc="350,0,370,29,330,-29,0,0" /><INIT seed="1,1,0,1,5,85" ten="350,399,301,0" oya="1" hai0="124,76,64,41,47,70,95,91,32,1,97,109,127" hai1="77,120,105,102,84,89,62,98,66,60,125,128,100" hai2="0,81,68,106,49,34,111,37,46,71,119,79,75" hai3=""/><U55/><N who="1" m="30752" /><U59/><E128/><V83/><F119/><T115/><D115/><U67/><E100/><V94/><F111/><T93/><D1/><U52/><E125/><N who="0" m="48201" /><D32/><U73/><E77/><V51/><F106/><T108/><D76/><U130/><E73/><V57/><F83/><T53/><D53/><U116/><E116/><V3/><F34/><T134/><D134/><U117/><E130/><V121/><N who="2" m="31008" /><V80/><F80/><T113/><D113/><U48/><E48/><V104/><F37/><T58/><D70/><U132/><E132/><V86/><F104/><T112/><D95/><U69/><REACH who="1" step="1"/><E117/><REACH who="1" ten="350,389,301,0" step="2"/><V123/><N who="2" m="31520" /><V74/><F0/><T72/><D72/><U107/><E107/><V33/><F33/><T110/><D112/><U122/><N who="1" m="31264" /><U135/><E135/><V82/><F3/><T131/><D131/><U54/><E54/><V101/><F74/><T87/><D64/><U40/><E40/><V129/><F129/><T36/><D58/><U114/><E114/><V126/><F57/><T2/><D2/><U45/><E45/><V90/><F46/><T99/><AGARI ba="1,1" hai="36,41,47,87,91,93,97,99,108,109,110" m="48201" machi="99" ten="40,3900,0" yaku="14,1,18,1,52,1" doraHai="85" who="0" fromWho="0" sc="350,51,389,-27,301,-14,0,0" /><INIT seed="2,0,0,2,5,1" ten="401,362,287,0" oya="2" hai0="128,56,115,38,130,104,82,72,53,125,35,84,117" hai1="85,77,45,116,33,47,63,133,81,96,83,106,120" hai2="42,98,132,41,59,102,51,48,131,119,90,57,89" hai3=""/><V93/><F119/><T129/><D117/><U87/><N who="1" m="30752" /><U134/><E33/><V105/><F131/><T126/><D104/><U95/><E106/><V99/><F132/><N who="1" m="50793" /><E63/><V61/><F90/><T55/><D38/><U100/><E116/><V64/><REACH who="2" step="1"/><F59/><REACH who="2" ten="401,362,277,0" step="2"/><T49/><D35/><U86/><E47/><V46/><F46/><T37/><D115/><U54/><E45/><V65/><F65/><T123/><N who="0" m="31520" /><T79/><D37/><U36/><E36/><V121/><N who="2" m="31008" /><V66/><F66/><T67/><D67/><U43/><E43/><AGARI ba="0,1" hai="41,42,43,48,51,57,61,64,89,93,98,99,102,105" m="31008" machi="43" ten="40,3900,0" yaku="1,1,52,1,53,0" doraHai="1" doraHaiUra="78" who="2" fromWho="1" sc="401,0,362,-39,277,49,0,0" /><INIT seed="2,1,0,4,5,84" ten="401,323,326,0" oya="2" hai0="74,91,61,121,71,98,117,106,39,116,76,135,36" hai1="59,86,77,80,129,0,83,94,103,100,78,126,62" hai2="56,33,127,110,72,101,32,107,43,125,47,57,118" hai3=""/><V92/><F118/><T51/><N who="0" m="31008" /><T131/><D131/><U93/><E0/><V1/><F72/><T73/><D51/><U66/><E129/><V52/><F107/><T58/><D135/><U2/><E2/><V95/><F1/><T119/><D71/><U112/><E112/><V75/><F75/><T45/><D106/><U35/><E35/><N who="2" m="13387" /><F57/><T81/><D45/><U85/><E126/><N who="2" m="48139" /><F101/><AGARI ba="1,0" hai="59,62,66,77,78,80,83,85,86,93,94,100,101,103" machi="101" ten="40,2600,0" yaku="9,1,8,1" doraHai="84" who="1" fromWho="2" sc="401,0,323,28,326,-28,0,0" /><INIT seed="4,0,0,0,3,103" ten="401,351,298,0" oya="0" hai0="109,3,115,97,120,117,54,47,90,111,78,52,73" hai1="125,40,131,61,41,53,88,0,132,85,127,96,2" hai2="75,128,36,32,95,1,99,77,74,50,48,83,84" hai3=""/><T118/><N who="0" m="30752" /><T130/><D3/><U35/><E35/><V63/><F1/><T49/><D115/><U108/><E132/><V65/><F36/><T37/><D130/><U93/><E131/><V60/><F32/><T43/><D78/><U58/><E0/><V51/><F128/><T69/><D73/><U98/><E2/><V113/><F113/><T89/><D69/><U80/><E98/><V55/><F55/><N who="0" m="21034" /><D97/><U34/><E108/><N who="0" m="41545" /><D37/><U102/><REACH who="1" step="1"/><E34/><REACH who="1" ten="401,341,298,0" step="2"/><V59/><REACH who="2" step="1"/><F63/><REACH who="2" ten="401,341,288,0" step="2"/><T66/><D66/><U67/><E67/><V134/><F134/><T104/><D118/><U81/><E81/><V46/><F46/><T68/><D117/><U91/><E91/><AGARI ba="0,2" hai="48,50,51,59,60,65,74,75,77,83,84,91,95,99" machi="91" ten="40,1300,0" yaku="1,1,53,0" doraHai="103" doraHaiUra="119" who="2" fromWho="1" sc="401,0,341,-13,288,33,0,0" /><INIT seed="5,0,0,1,0,115" ten="401,328,321,0" oya="1" hai0="101,87,64,49,73,38,46,52,119,41,127,45,37" hai1="132,86,0,107,89,48,135,58,69,91,134,90,39" hai2="104,117,120,68,50,61,77,54,129,75,93,84,76" hai3=""/><U125/><E0/><V128/><N who="2" m="30752" /><V43/><F104/><T71/><D73/><U67/><E39/><V126/><F75/><T124/><D101/><U99/><E69/><V35/><F35/><T55/><D87/><U109/><E109/><V112/><F126/><N who="0" m="48170" /><D119/><U106/><E125/><V102/><F43/><T116/><D116/><U42/><E99/><V72/><F72/><T118/><D118/><U92/><E107/><V82/><F77/><T83/><D83/><U47/><E106/><V62/><F117/><T111/><D111/><U78/><REACH who="1" step="1"/><E78/><REACH who="1" ten="401,318,321,0" step="2"/><V66/><F112/><T44/><D38/><U70/><E70/><V34/><F34/><T53/><D37/><U51/><E51/><V95/><F61/><AGARI ba="0,1" hai="41,44,45,46,49,52,53,55,61,64,71" m="48170" machi="61" ten="30,7700,0" yaku="18,1,34,2,54,1" doraHai="115" who="0" fromWho="2" sc="401,87,318,0,321,-77,0,0" /><AGARI ba="0,0" hai="42,47,48,58,61,67,86,89,90,91,92,132,134,135" machi="61" ten="40,3900,0" yaku="1,1,20,1,53,0" doraHai="115" doraHaiUra="94" who="1" fromWho="2" sc="488,0,318,39,244,-39,0,0" /><INIT seed="5,1,0,3,0,34" ten="488,357,205,0" oya="1" hai0="102,92,71,51,38,67,64,99,55,45,32,125,61" hai1="60,89,131,96,40,33,123,2,76,98,107,36,80" hai2="87,48,35,110,82,73,58,101,86,50,47,52,56" hai3=""/><U79/><N who="1" m="31520" /><U3/><E33/><V37/><F110/><T62/><D32/><U91/><E131/><V115/><F35/><T53/><D125/><U122/><N who="1" m="31264" /><U0/><E60/><V103/><F73/><T46/><D38/><U121/><N who="1" m="31008" /><U54/><E54/><V119/><F119/><T105/><D105/><U1/><E1/><V88/><F37/><T114/><D114/><U126/><E126/><V39/><F39/><T129/><D129/><U117/><E117/><V127/><F127/><T134/><D134/><U100/><E96/><V95/><F115/><T68/><D55/><U74/><REACH who="1" step="1"/><E79/><REACH who="1" ten="488,347,205,0" step="2"/><V106/><F56/><AGARI ba="1,1" hai="45,46,51,53,56,61,62,64,67,68,71,92,99,102" machi="56" ten="30,2000,0" yaku="7,1,9,1" doraHai="34" who="0" fromWho="2" sc="488,32,347,0,205,-22,0,0" /><INIT seed="6,0,0,2,5,41" ten="520,347,183,0" oya="2" hai0="75,104,123,113,129,32,80,2,105,94,135,50,69" hai1="42,37,128,130,36,44,65,92,72,81,116,46,33" hai2="121,108,112,98,97,40,76,73,120,125,99,74,114" hai3=""/><V79/><N who="2" m="30752" /><V107/><N who="2" m="31008" /><V122/><N who="2" m="31264" /><V68/><F68/><T49/><D94/><U59/><E33/><V118/><F40/><T55/><D80/><U57/><E116/><V127/><F118/><T34/><D50/><U43/><E92/><V56/><F107/><T52/><D55/><U119/><E119/><V66/><F66/><T100/><D52/><U91/><E72/><N who="2" m="27755" /><F56/><T96/><D49/><U62/><E91/><V67/><F67/><T106/><D100/><U134/><E81/><V117/><F117/><T83/><D83/><U110/><E110/><V60/><F60/><T39/><D96/><U95/><E95/><V111/><F79/><T103/><D105/><U90/><E59/><V102/><F102/><T1/><D69/><U109/><E109/><N who="2" m="42059" /><F76/><T47/><D103/><U131/><E90/><V53/><F53/><T51/><D106/><U63/><E63/><V82/><F82/><T93/><D104/><U71/><E71/><V124/><AGARI ba="0,0" hai="97,98,99,112,114,124,125,127" m="42059,27755,31264,31008,30752" machi="124" ten="50,16000,3" yaku="28,2,18,1,10,1,34,2,52,3" doraHai="41" who="2" fromWho="2" sc="520,-80,347,-80,183,160,0,0" /><INIT seed="6,1,0,0,1,32" ten="440,267,343,0" oya="2" hai0="109,97,57,102,130,129,35,126,107,54,0,37,78" hai1="133,82,46,108,33,79,101,135,63,65,128,127,94" hai2="81,73,113,69,114,44,93,92,43,52,119,60,58" hai3=""/><V36/><F119/><T87/><D0/><U120/><N who="1" m="30752" /><U122/><N who="1" m="31264" /><U77/><E33/><V124/><F124/><T83/><D35/><U111/><E127/><V2/><F2/><T95/><D37/><U3/><E3/><V41/><F41/><T1/><D1/><U99/><E46/><V34/><F34/><T59/><D126/><U123/><N who="1" m="31520" /><U61/><E128/><N who="0" m="49257" /><D109/><U106/><E61/><V98/><F69/><T88/><D54/><U110/><E94/><V64/><F92/><T76/><D76/><U55/><E55/><V85/><F73/><AGARI ba="1,0" hai="57,59,73,78,83,87,88,95,97,102,107" m="49257" machi="73" ten="30,3900,0" yaku="24,1,19,1,54,1" doraHai="32" who="0" fromWho="2" sc="440,41,267,0,343,-41,0,0" owari="481,43.0,267,-33.0,302,-10.0,0,0.0" /></mjloggm>