<mjloggm ver="2.3"><GO type="169" lobby="0"/><UN n0="%65%76%67%6F%6D%65%73%31" n1="%E3%83%94%E3%82%AB%E5%90%BE%E9%83%8E" n2="%E7%89%A7%E5%A0%B4%E3%81%AE%E5%B0%91%E5%A5%B3" n3="%52%45%4E%45%47%45" dan="16,16,17,16" rate="2063.08,2117.06,2183.97,2119.03" sx="M,M,M,F"/><TAIKYOKU oya="0"/><INIT seed="0,0,0,4,0,88" ten="250,250,250,250" oya="0" hai0="63,20,8,67,86,127,60,70,14,125,28,58,114" hai1="74,34,23,129,112,133,107,90,94,111,79,87,7" hai2="37,134,30,9,83,76,77,39,93,78,75,121,52" hai3="95,47,38,109,61,116,45,35,18,117,59,89,19"/><T104/><D114/><U57/><E34/><V62/><F121/><W97/><G109/><T55/><D104/><U24/><E107/><V16/><F30/><W84/><G35/><T1/><D1/><U118/><E118/><V4/><F134/><W131/><G131/><T29/><D86/><U122/><E122/><V130/><F130/><W5/><G5/><T126/><REACH who="0" step="1"/><D20/><REACH who="0" ten="240,250,250,250" step="2"/><U105/><E105/><V99/><F37/><W22/><G84/><T40/><D40/><U98/><E129/><V46/><F39/><W72/><G22/><T33/><D33/><U66/><E112/><V10/><F77/><W101/><G38/><T27/><D27/><U51/><E133/><V132/><F76/><W100/><G116/><T26/><D26/><U91/><E74/><V96/><F132/><W92/><G72/><T3/><D3/><U64/><E79/><V124/><F75/><W50/><G117/><T68/><D68/><U81/><E111/><V85/><F78/><W73/><G73/><T2/><D2/><U48/><E7/><AGARI ba="0,1" hai="7,8,14,28,29,55,58,60,63,67,70,125,126,127" machi="7" ten="40,3900,0" yaku="1,1,18,1,53,0" doraHai="88" doraHaiUra="103" who="0" fromWho="1" sc="240,49,250,-39,250,0,250,0" /><INIT seed="0,1,0,3,3,47" ten="289,211,250,250" oya="0" hai0="126,4,82,125,17,88,53,11,123,12,2,117,67" hai1="130,5,92,131,104,77,73,94,107,99,113,122,10" hai2="26,59,65,48,40,112,101,79,69,8,33,89,76" hai3="58,50,66,15,127,85,64,74,49,43,22,63,25"/><T78/><D123/><U95/><E122/><V18/><F112/><W37/><G74/><T7/><D117/><U128/><E113/><V6/><F101/><W35/><G127/><T32/><D32/><U80/><REACH who="1" step="1"/><E99/><REACH who="1" ten="289,201,250,250" step="2"/><V68/><F68/><W61/><G37/><T46/><D126/><U109/><E109/><V3/><F69/><W124/><G124/><T75/><D125/><U97/><E97/><V13/><F89/><W71/><G43/><T20/><D88/><U134/><E134/><V120/><F120/><W30/><G35/><T115/><D115/><U0/><AGARI ba="1,1" hai="0,5,10,73,77,80,92,94,95,104,107,128,130,131" machi="0" ten="40,5200,0" yaku="1,1,0,1,19,1,53,0" doraHai="47" doraHaiUra="132" who="1" fromWho="1" sc="289,-27,201,65,250,-14,250,-14" /><INIT seed="1,0,0,2,5,50" ten="262,266,236,236" oya="1" hai0="2,134,19,114,4,34,113,7,124,46,56,94,32" hai1="129,44,86,87,82,16,99,126,71,47,38,62,68" hai2="11,81,0,69,48,131,31,101,35,14,130,17,122" hai3="49,26,75,79,96,118,53,80,106,89,65,55,43"/><U109/><E129/><V60/><F122/><W115/><G115/><T20/><D134/><U132/><E132/><V85/><F101/><W21/><G118/><T8/><D124/><U127/><E99/><V120/><F120/><W27/><G65/><T77/><D7/><U33/><E33/><V5/><F69/><W73/><G73/><T54/><D46/><N who="1" m="17451" /><E38/><V78/><F60/><W88/><G43/><T76/><D32/><U12/><E62/><V63/><F63/><W6/><G6/><T91/><D34/><U39/><E39/><V59/><F59/><W57/><G53/><T95/><D95/><U93/><E93/><V125/><F48/><W23/><G21/><T58/><D114/><U104/><E87/><V64/><F64/><W25/><REACH who="3" step="1"/><G23/><REACH who="3" ten="262,266,236,226" step="2"/><T13/><D113/><U40/><E40/><V45/><F125/><N who="1" m="47625" /><E109/><V100/><F131/><W92/><G92/><T117/><D117/><U9/><E104/><V61/><F130/><W36/><G36/><T37/><D37/><U42/><E42/><V111/><F111/><W1/><G1/><T103/><D2/><U29/><E29/><V51/><F31/><W102/><AGARI ba="0,1" hai="25,26,27,49,55,57,75,79,80,88,89,96,102,106" machi="102" ten="30,7900,0" yaku="1,1,0,1,52,1,54,1,53,0" doraHai="50" doraHaiUra="15" who="3" fromWho="3" sc="262,-20,266,-39,236,-20,226,89" /><INIT seed="2,0,0,2,3,126" ten="242,227,216,315" oya="2" hai0="60,84,77,6,31,120,17,51,80,73,70,105,132" hai1="89,24,75,52,71,62,78,40,49,18,85,22,35" hai2="121,21,130,36,115,90,39,95,26,55,93,100,86" hai3="131,23,81,135,46,99,41,118,129,134,76,110,5"/><V125/><F115/><W72/><G118/><T103/><D120/><U4/><E35/><V74/><F121/><W102/><G110/><T47/><D132/><N who="3" m="50729" /><G23/><T33/><D6/><U87/><E75/><V1/><F125/><W112/><G5/><T97/><D17/><U83/><E4/><V19/><F1/><W12/><G12/><T58/><D31/><U37/><E37/><V14/><F74/><W44/><G112/><T96/><D33/><U30/><E40/><V54/><F130/><N who="3" m="49675" /><G41/><T65/><D97/><U91/><E18/><V16/><F39/><W57/><G57/><T7/><D7/><U13/><E13/><V29/><F36/><W101/><G101/><T128/><D128/><U45/><E71/><V88/><F100/><W133/><N who="3" m="50737" /><W116/><DORA hai="104" /><G116/><T2/><D2/><U66/><E22/><N who="2" m="11543" /><F29/><W27/><G27/><T63/><D58/><N who="1" m="37207" /><E24/><V56/><F56/><W34/><G34/><T123/><D123/><U10/><E30/><V43/><F43/><W124/><G124/><T111/><D111/><U82/><E10/><V64/><F64/><W0/><G0/><T94/><D65/><U113/><E113/><V92/><F54/><W8/><G8/><T117/><D117/><U79/><AGARI ba="0,0" hai="45,49,52,78,79,82,83,85,87,89,91" m="37207" machi="79" ten="30,2000,0" yaku="8,1,54,1" doraHai="126,104" who="1" fromWho="1" sc="242,-5,227,20,216,-10,315,-5" /><INIT seed="3,0,0,0,0,19" ten="237,247,206,310" oya="3" hai0="43,51,129,55,1,39,97,40,134,65,2,135,59" hai1="88,81,63,114,10,116,18,109,94,57,121,120,89" hai2="124,13,101,16,112,96,21,119,38,91,80,90,99" hai3="54,130,17,98,23,72,117,15,22,127,30,105,4"/><W102/><G117/><T131/><D97/><U76/><E114/><V118/><F112/><W8/><G72/><T47/><D1/><U49/><E116/><V7/><F124/><W26/><G127/><T115/><D2/><U73/><E109/><V37/><F7/><W103/><G103/><T128/><D43/><U66/><E49/><V122/><F122/><W82/><G82/><T85/><D85/><U61/><E61/><V92/><F119/><W53/><REACH who="3" step="1"/><G130/><REACH who="3" ten="237,247,206,300" step="2"/><T9/><D115/><U28/><E121/><V70/><F118/><W62/><G62/><N who="0" m="38111" /><D9/><U41/><E120/><V74/><F70/><W110/><G110/><T133/><D129/><U123/><E123/><V58/><F74/><W52/><G52/><T3/><D3/><AGARI ba="0,1" hai="3,4,8,15,17,22,23,26,30,53,54,98,102,105" machi="3" ten="30,12000,1" yaku="1,1,7,1,52,2,53,1" doraHai="19" doraHaiUra="93" who="3" fromWho="0" sc="237,-120,247,0,206,0,300,130" /><INIT seed="3,1,0,3,4,76" ten="117,247,206,430" oya="3" hai0="84,107,110,125,86,67,131,70,75,1,14,55,17" hai1="25,27,46,26,31,108,126,30,106,72,47,16,52" hai2="95,89,19,4,74,120,65,43,109,116,87,54,18" hai3="85,56,90,15,104,105,103,133,115,63,119,127,12"/><W80/><G119/><T123/><D123/><U114/><E106/><V91/><F116/><W93/><G115/><T51/><D1/><U98/><E114/><V8/><F109/><W34/><G34/><T7/><D110/><U73/><E108/><V28/><F120/><W29/><G29/><N who="1" m="10762" /><E73/><V102/><F102/><W69/><G69/><T53/><D131/><U111/><E72/><V37/><F65/><W117/><G117/><T39/><D39/><U132/><E111/><V50/><F28/><W20/><G127/><T5/><D125/><U121/><E121/><V135/><F74/><W101/><G133/><T57/><D75/><U61/><E98/><V44/><F89/><W62/><G62/><T64/><D107/><U100/><E100/><V68/><F68/><W88/><G105/><T24/><D24/><N who="1" m="9323" /><E132/><V41/><F135/><W49/><G104/><T129/><D129/><U82/><E82/><V97/><F97/><N who="3" m="57511" /><G49/><T33/><D33/><U22/><E126/><V21/><F21/><W92/><G20/><N who="0" m="11319" /><D70/><U112/><E112/><V0/><REACH who="2" step="1"/><F43/><REACH who="2" ten="117,247,196,430" step="2"/><W13/><G101/><T59/><D67/><U96/><E96/><V78/><F78/><W35/><G103/><T122/><D64/><U9/><E9/><V94/><F94/><W81/><G35/><T10/><D122/><U99/><E99/><V79/><F79/><W45/><G92/><T118/><D118/><U130/><E130/><V66/><F66/><W60/><G90/><T77/><D10/><U83/><E83/><V134/><F134/><W71/><G71/><T113/><D113/><U36/><E36/><RYUUKYOKU ba="1,1" sc="117,-15,247,15,196,15,430,-15" hai1="16,22,27,46,47,52,61" hai2="0,4,8,18,19,37,41,44,50,54,87,91,95" /><INIT seed="4,2,1,0,4,69" ten="102,262,211,415" oya="0" hai0="35,82,55,48,2,15,43,53,51,133,94,3,46" hai1="13,70,16,5,36,14,26,21,125,101,115,78,45" hai2="58,132,112,0,62,18,22,23,60,128,9,30,66" hai3="76,56,34,134,39,86,33,63,32,71,68,85,135"/><T131/><D131/><U25/><E70/><N who="3" m="26666" /><G39/><T109/><D133/><N who="3" m="50697" /><G76/><T127/><D109/><U40/><E125/><V24/><F132/><W113/><G113/><T37/><D127/><U104/><E115/><V75/><F128/><W87/><G87/><T79/><D35/><U52/><E78/><V19/><F75/><W89/><G89/><T61/><D94/><U8/><E104/><V98/><F60/><W108/><G108/><T123/><D123/><U106/><E106/><V107/><F112/><W117/><G117/><T49/><D15/><U11/><E101/><V111/><F111/><W122/><G122/><T124/><D124/><U96/><E96/><V41/><F41/><W81/><G81/><T100/><D100/><U83/><E83/><V118/><F118/><W110/><G110/><T90/><D90/><U121/><E121/><V65/><F107/><W72/><G72/><T74/><REACH who="0" step="1"/><D61/><REACH who="0" ten="92,262,211,415" step="2"/><U129/><E129/><V10/><F62/><W17/><G63/><T95/><D95/><U97/><E97/><V6/><F0/><AGARI ba="2,2" hai="0,2,3,37,43,46,48,49,51,53,55,74,79,82" machi="0" ten="40,3900,0" yaku="1,1,52,1,53,0" doraHai="69" doraHaiUra="91" who="0" fromWho="2" sc="92,65,262,0,211,-45,415,0" /><INIT seed="4,3,0,0,0,57" ten="157,262,166,415" oya="0" hai0="51,115,106,52,101,39,42,95,108,130,117,86,109" hai1="133,27,118,120,60,17,4,31,110,69,46,73,114" hai2="96,134,128,99,5,103,77,58,63,65,54,44,15" hai3="35,90,132,116,76,83,49,104,22,119,111,32,24"/><T14/><D117/><U3/><E17/><V21/><F134/><W71/><G104/><T131/><D115/><U1/><E120/><V19/><F128/><N who="0" m="49194" /><D106/><U26/><E110/><N who="0" m="42601" /><D14/><U23/><E118/><V126/><F126/><W100/><G24/><T62/><D39/><U84/><E73/><V43/><F77/><W0/><G0/><T29/><D29/><U87/><E114/><V67/><F5/><W70/><G22/><T135/><D135/><U34/><E133/><V113/><F113/><W79/><G32/><T93/><D101/><U91/><E4/><V112/><F112/><W37/><G35/><T41/><D62/><U13/><E13/><V56/><F56/><W45/><G100/><T92/><D86/><U38/><E84/><V80/><F80/><W64/><G37/><T125/><D125/><U122/><E122/><V9/><F9/><W88/><G132/><T10/><D10/><U66/><E38/><V78/><F78/><W48/><G111/><T47/><AGARI ba="3,0" hai="41,42,47,51,52,92,93,95" m="42601,49194" machi="47" ten="40,7800,0" yaku="19,1,10,1,54,1" doraHai="57" who="0" fromWho="0" sc="157,87,262,-29,166,-29,415,-29" /><INIT seed="4,4,0,5,4,115" ten="244,233,137,386" oya="0" hai0="84,66,122,0,88,12,37,68,78,62,60,91,96" hai1="131,92,90,33,30,125,123,5,127,98,55,11,72" hai2="89,74,130,20,99,53,129,71,10,70,116,59,126" hai3="49,50,82,106,43,76,112,108,31,26,36,133,22"/><T107/><D122/><U67/><E72/><V7/><F74/><W41/><G106/><T23/><D0/><U95/><E123/><V102/><F89/><W17/><G108/><T15/><D37/><U132/><E67/><V110/><F20/><W87/><G112/><T51/><D107/><U57/><E30/><V56/><F110/><W54/><G133/><T64/><D51/><U105/><E33/><V97/><F10/><W44/><G36/><T104/><D104/><U14/><E132/><V103/><F53/><N who="3" m="29863" /><G17/><T100/><D100/><U63/><E131/><V38/><F38/><W8/><G8/><T79/><D23/><U39/><E39/><V3/><F7/><W28/><G28/><T25/><D25/><U80/><E105/><V85/><F85/><W75/><G75/><T134/><D96/><U46/><E46/><AGARI ba="4,0" hai="22,26,31,41,43,46,50,54,76,82,87" m="29863" machi="46" ten="30,1000,0" yaku="8,1" doraHai="115" who="3" fromWho="1" sc="244,0,233,-22,137,0,386,22" /><INIT seed="5,0,0,2,1,9" ten="244,211,137,408" oya="1" hai0="118,16,37,127,74,84,28,45,59,119,85,107,34" hai1="132,64,112,70,8,79,10,113,83,46,104,61,15" hai2="130,82,111,110,18,77,35,26,2,39,54,17,95" hai3="129,86,121,51,20,67,115,33,66,125,25,97,133"/><U58/><E104/><V50/><F130/><W30/><G121/><T105/><D74/><U32/><E32/><V117/><F117/><W120/><G120/><T76/><D127/><U43/><E70/><V72/><F39/><W88/><G115/><T6/><D6/><U63/><E61/><V106/><F106/><W114/><G114/><N who="1" m="44138" /><E15/><V29/><F2/><W31/><G133/><T7/><D7/><U128/><E128/><V23/><F95/><W89/><G125/><T92/><D34/><U116/><E132/><V14/><REACH who="2" step="1"/><F18/><REACH who="2" ten="244,211,127,408" step="2"/><W38/><G38/><T24/><D16/><U123/><E116/><V3/><F3/><W99/><G129/><T65/><D37/><N who="1" m="21871" /><E123/><V48/><F48/><W55/><G51/><T53/><D105/><U134/><E134/><V1/><F1/><W135/><G135/><T44/><D107/><U27/><E27/><V69/><F69/><W0/><G0/><T101/><D24/><U4/><E4/><V40/><F40/><W5/><G25/><T73/><D119/><U62/><E62/><V78/><F78/><W108/><G5/><T75/><D76/><U90/><E90/><V36/><F36/><W56/><G88/><T81/><D118/><U71/><E71/><V93/><F93/><W12/><G89/><T41/><D92/><U96/><E96/><V57/><AGARI ba="0,1" hai="14,17,23,26,29,35,50,54,57,72,77,82,110,111" machi="57" ten="20,12000,2" yaku="1,1,0,1,7,1,52,1,53,2" doraHai="9" doraHaiUra="122" who="2" fromWho="2" sc="244,-30,211,-60,127,130,408,-30" /><INIT seed="6,0,0,3,0,90" ten="214,151,257,378" oya="2" hai0="118,88,2,96,99,47,82,92,18,48,121,127,84" hai1="100,112,34,93,49,110,5,41,21,9,29,4,95" hai2="1,62,17,65,43,7,64,81,75,131,58,123,129" hai3="116,37,125,14,120,113,119,32,134,80,135,72,98"/><V44/><F123/><W46/><G32/><T31/><D121/><U108/><E34/><V23/><F64/><W53/><G120/><T45/><D127/><U79/><E112/><V51/><F7/><N who="1" m="2633" /><E108/><V101/><F1/><W130/><G130/><T66/><D2/><U128/><E110/><V55/><F101/><W59/><G14/><T42/><D118/><U115/><E115/><V16/><F75/><W122/><G113/><T87/><D66/><U86/><E128/><N who="2" m="49227" /><F81/><W8/><G8/><T97/><D31/><U15/><E100/><V52/><F17/><W107/><G125/><T36/><D18/><N who="1" m="8559" /><E41/><V85/><F85/><W0/><G0/><T109/><D109/><U105/><E105/><V133/><F133/><W13/><G107/><T67/><D67/><U26/><E49/><V74/><F74/><W114/><G72/><T39/><REACH who="0" step="1"/><D47/><REACH who="0" ten="204,151,257,378" step="2"/><U76/><E86/><V54/><F65/><W103/><G46/><T60/><D60/><U111/><E111/><V117/><F117/><W126/><G116/><T35/><D35/><U106/><E106/><V102/><F62/><W124/><G119/><T71/><D71/><U69/><E69/><V12/><F44/><W89/><G114/><T50/><D50/><U104/><E104/><V77/><F51/><N who="3" m="31167" /><G124/><T91/><AGARI ba="0,1" hai="36,39,42,45,48,82,84,87,88,91,92,96,97,99" machi="91" ten="30,7900,0" yaku="1,1,0,1,52,1,54,1,53,0" doraHai="90" doraHaiUra="56" who="0" fromWho="0" sc="204,89,151,-20,257,-39,378,-20" /><INIT seed="7,0,0,0,0,77" ten="293,131,218,358" oya="3" hai0="45,21,107,1,81,122,25,102,29,46,42,99,8" hai1="83,105,10,56,123,59,33,133,9,109,128,108,44" hai2="0,135,111,112,28,130,91,87,34,97,63,57,118" hai3="113,114,41,48,104,5,54,110,61,4,98,74,53"/><W82/><G110/><T24/><D122/><U26/><E105/><V92/><F111/><W68/><G41/><T17/><D81/><U39/><E123/><V35/><F118/><W11/><G74/><T124/><D124/><U117/><E117/><V72/><F72/><W79/><G68/><T101/><D101/><U71/><E71/><V89/><F0/><W100/><G61/><T65/><D65/><U22/><E33/><V95/><F112/><N who="3" m="43115" /><G48/><T64/><D64/><U2/><E128/><V67/><F130/><W127/><G127/><T36/><D46/><U94/><E133/><V119/><F119/><W125/><G125/><T126/><D126/><U70/><E70/><V120/><F135/><W13/><G4/><T66/><D66/><U27/><E2/><V115/><F115/><W3/><G3/><T88/><D88/><U121/><E121/><V116/><F116/><W103/><G103/><T76/><D76/><U85/><E108/><V131/><F131/><W15/><G15/><T12/><D1/><U75/><E109/><V51/><F120/><W134/><G134/><T14/><D8/><U96/><E75/><V40/><F28/><W80/><G79/><T47/><REACH who="0" step="1"/><D45/><REACH who="0" ten="283,131,218,358" step="2"/><U49/><E39/><V84/><F40/><W30/><G80/><T32/><AGARI ba="0,1" hai="12,14,17,21,24,25,29,32,36,42,47,99,102,107" machi="32" ten="20,5200,0" yaku="1,1,2,1,0,1,7,1,53,0" doraHai="77" doraHaiUra="78" who="0" fromWho="0" sc="283,62,131,-13,218,-13,358,-26" owari="345,44.0,118,-38.0,205,-19.0,332,13.0" /></mjloggm>