<mjloggm ver="2.3"><GO type="169" lobby="0"/><UN n0="%6B%69%79%6F%6E%61%72%69" n1="%63%6C%6F%6F%77%64%6F" n2="%E3%82%A4%E3%83%A4%E3%82%A1%E3%82%AA" n3="%E7%A7%8B%E7%94%B0%E3%81%AE%E3%81%AB%E3%82%93%E3%81%AB%E3%81%8F" dan="16,16,17,18" rate="2076.32,2078.52,2186.28,2187.69" sx="M,F,M,F"/><TAIKYOKU oya="0"/><INIT seed="0,0,0,1,5,10" ten="250,250,250,250" oya="0" hai0="7,96,65,61,105,23,2,133,82,85,33,28,20" hai1="12,101,56,62,24,118,89,5,115,88,128,53,9" hai2="57,0,116,21,104,6,124,54,4,66,108,30,67" hai3="40,46,80,76,70,73,60,36,127,74,117,44,55"/><T72/><D133/><U48/><E118/><V122/><F104/><W125/><G117/><T69/><D72/><U97/><E128/><V106/><F122/><W19/><G74/><T86/><D2/><U13/><E115/><V14/><F106/><W112/><G112/><T58/><D7/><U78/><E78/><V1/><F1/><W39/><G55/><T27/><D58/><U111/><E111/><V95/><F0/><W26/><G26/><T18/><D18/><U114/><E114/><V132/><F132/><W75/><G19/><T38/><D38/><U25/><E13/><V83/><F124/><N who="3" m="47691" /><G75/><T63/><D63/><U90/><REACH who="1" step="1"/><E62/><REACH who="1" ten="250,240,250,250" step="2"/><V64/><F14/><W52/><G60/><T29/><D61/><U81/><E81/><V59/><F83/><W107/><G70/><T32/><D82/><U129/><E129/><V91/><F108/><W77/><G77/><T99/><D27/><U51/><E51/><V134/><F116/><W47/><G39/><T98/><D33/><U119/><E119/><V135/><F134/><W121/><G121/><T110/><D32/><U102/><E102/><V37/><F135/><W84/><G73/><T130/><D130/><U3/><E3/><V22/><F37/><W123/><G123/><T16/><D110/><U68/><E68/><V131/><F131/><W8/><G36/><T41/><D69/><U45/><E45/><V109/><F109/><W71/><G71/><T79/><D79/><U31/><E31/><V113/><F30/><W126/><G126/><T50/><D29/><U120/><E120/><V49/><F113/><RYUUKYOKU ba="0,1" sc="250,-10,240,30,250,-10,250,-10" hai1="5,9,12,24,25,48,53,56,88,89,90,97,101" /><INIT seed="1,1,1,5,3,27" ten="240,270,240,240" oya="1" hai0="37,6,77,7,108,99,120,71,122,25,8,95,43" hai1="100,35,36,92,33,4,82,34,72,58,79,86,70" hai2="85,76,98,49,22,91,118,75,94,132,113,131,12" hai3="63,45,26,44,5,0,28,124,13,80,20,39,66"/><U126/><E70/><V109/><F118/><W19/><G124/><T115/><D71/><U123/><E123/><N who="0" m="47145" /><D108/><U52/><E126/><V40/><F132/><W53/><G39/><T93/><D77/><U135/><E135/><V110/><F131/><W32/><G53/><T133/><D133/><U21/><E36/><V89/><F113/><W29/><G80/><T57/><D57/><U59/><E4/><V84/><F40/><W42/><G42/><T114/><D7/><U24/><E100/><V97/><F49/><W111/><G111/><N who="2" m="42505" /><F12/><W38/><G38/><T11/><D25/><U127/><E127/><V83/><F22/><W117/><G29/><T18/><D18/><U130/><E130/><V54/><F54/><W104/><G104/><T55/><D55/><U61/><E59/><V112/><F112/><W96/><G117/><T90/><D95/><AGARI ba="1,1" hai="75,76,83,84,85,89,91,94,95,97,98" m="42505" machi="95" ten="30,3900,0" yaku="14,1,34,2" doraHai="27" who="2" fromWho="0" sc="240,-42,270,0,240,52,240,0" /><INIT seed="2,0,0,1,1,29" ten="198,270,292,240" oya="2" hai0="135,59,99,130,60,129,5,120,88,6,128,77,31" hai1="95,21,118,78,34,66,134,92,103,133,132,41,15" hai2="84,42,82,43,121,71,10,87,76,114,61,79,127" hai3="16,32,54,93,69,98,72,50,75,23,35,47,64"/><V22/><F114/><W40/><G69/><T104/><D120/><U11/><E118/><V48/><F121/><W0/><G64/><T80/><D135/><U33/><E41/><V56/><F71/><W90/><G0/><T28/><D28/><U96/><E78/><V105/><F105/><W117/><G117/><T113/><D113/><U109/><E109/><V52/><F127/><W62/><G75/><T70/><D70/><U36/><E36/><V122/><F122/><W91/><G72/><T9/><D31/><U110/><E110/><V53/><F10/><W83/><G90/><T124/><D124/><U123/><E123/><V27/><F84/><W73/><G83/><T115/><D115/><U74/><E74/><V20/><F79/><W125/><G73/><N who="0" m="43055" /><D9/><U126/><E126/><V38/><F38/><W68/><G125/><T8/><D8/><U108/><E108/><V89/><F76/><W131/><G131/><T13/><D13/><U58/><E21/><N who="2" m="8299" /><F27/><N who="3" m="14823" /><G68/><T37/><D37/><U111/><E111/><V24/><F24/><W116/><G116/><T97/><D104/><U51/><E95/><V30/><F30/><W85/><G85/><T4/><D88/><U101/><E103/><V3/><F3/><W112/><G112/><T45/><D45/><AGARI ba="0,0" hai="42,43,45,48,52,53,56,61,82,87,89" m="8299" machi="45" ten="30,2900,0" yaku="8,1,54,1" doraHai="29" who="2" fromWho="0" sc="198,-29,270,0,292,29,240,0" /><INIT seed="2,1,0,5,4,120" ten="169,270,321,240" oya="2" hai0="85,78,76,54,13,33,61,67,82,64,111,93,69" hai1="116,79,59,36,118,35,31,12,108,29,94,50,0" hai2="121,103,123,4,128,41,21,98,68,117,131,130,124" hai3="119,134,8,23,11,28,75,58,72,1,48,71,88"/><V10/><F117/><W74/><G71/><T65/><D33/><U25/><E36/><V89/><F124/><W53/><G119/><N who="1" m="45610" /><E79/><V99/><F68/><W22/><G134/><T90/><D78/><U56/><E94/><N who="2" m="56655" /><F41/><W51/><G1/><T9/><D54/><U113/><E50/><V47/><F21/><W55/><G88/><T37/><D37/><U43/><E43/><V122/><F47/><W6/><G28/><T106/><D106/><U34/><E56/><V86/><F86/><W77/><G77/><T83/><D83/><U49/><E59/><V40/><F40/><W114/><G114/><T73/><REACH who="0" step="1"/><D111/><REACH who="0" ten="159,270,321,240" step="2"/><U102/><E108/><V107/><F121/><W18/><G55/><T104/><D104/><U24/><E34/><V63/><F63/><W97/><G51/><T92/><D92/><U32/><E49/><V44/><F44/><W45/><G45/><T125/><D125/><U91/><E35/><V101/><F101/><W127/><G127/><T60/><D60/><U17/><E102/><V2/><AGARI ba="1,1" hai="2,4,10,99,103,107,122,123,128,130,131" m="56655" machi="2" ten="30,1500,0" yaku="19,1" doraHai="120" who="2" fromWho="2" sc="159,-6,270,-6,321,28,240,-6" /><INIT seed="2,2,0,5,3,85" ten="153,264,349,234" oya="2" hai0="120,44,21,65,53,127,40,41,94,48,45,128,86" hai1="130,55,12,10,7,18,77,63,15,79,35,64,99" hai2="132,13,95,43,126,78,117,124,75,51,121,83,116" hai3="47,134,125,69,22,72,27,87,110,98,66,59,73"/><V82/><F121/><W90/><G110/><T97/><D120/><U2/><E130/><V129/><F13/><W4/><G125/><N who="2" m="48233" /><F43/><W30/><G134/><T108/><D127/><U111/><E111/><V88/><F51/><W67/><G69/><T19/><D108/><U17/><E35/><V1/><F1/><W34/><G4/><T37/><D128/><U113/><E113/><V84/><F132/><W50/><G98/><T123/><D65/><U104/><E55/><V115/><F129/><W54/><G34/><T20/><D123/><U106/><E106/><V42/><F42/><N who="3" m="24951" /><G73/><T103/><D19/><U107/><E107/><V102/><F115/><W62/><G72/><T74/><D74/><U80/><E104/><V26/><F26/><W31/><G31/><T28/><D28/><U101/><E15/><V89/><F102/><W70/><G70/><T81/><REACH who="0" step="1"/><D41/><REACH who="0" ten="143,264,349,234" step="2"/><U131/><E131/><V114/><F114/><W60/><G60/><T76/><AGARI ba="2,1" hai="20,21,37,40,44,45,48,53,76,81,86,94,97,103" machi="76" ten="20,5200,0" yaku="1,1,2,1,0,1,7,1,53,0" doraHai="85" doraHaiUra="118" who="0" fromWho="0" sc="143,68,264,-15,349,-28,234,-15" /><INIT seed="3,0,0,1,0,16" ten="211,249,321,219" oya="3" hai0="20,64,109,13,135,50,90,34,18,3,131,33,15" hai1="21,27,5,113,8,130,22,99,128,121,119,78,23" hai2="49,107,83,97,60,125,45,44,28,86,108,17,80" hai3="53,7,47,11,84,104,96,38,77,41,12,39,51"/><W75/><G75/><T115/><D64/><U26/><E121/><V10/><F108/><W122/><G122/><T126/><D50/><U133/><E113/><V71/><F107/><W129/><G129/><N who="1" m="49770" /><E133/><V112/><F71/><W37/><G104/><T73/><D131/><U70/><E119/><V103/><F28/><W123/><G96/><T114/><D73/><U42/><E70/><V116/><F60/><W9/><G123/><T89/><D3/><N who="1" m="63" /><E42/><V58/><F116/><W31/><G31/><T134/><D109/><U124/><E124/><V127/><F112/><N who="0" m="43050" /><D126/><N who="2" m="48138" /><F58/><W87/><G77/><T30/><D90/><U57/><E78/><N who="2" m="46359" /><F49/><W98/><G98/><T120/><D89/><U66/><E99/><V2/><F83/><W0/><REACH who="3" step="1"/><G41/><REACH who="3" ten="211,249,321,209" step="2"/><T4/><D120/><U54/><E66/><V24/><F97/><W105/><G105/><T132/><D30/><U62/><AGARI ba="0,1" hai="21,22,23,26,27,54,57,62" m="63,49770" machi="62" ten="30,7900,0" yaku="19,1,52,3" doraHai="16" who="1" fromWho="1" sc="211,-20,249,89,321,-20,209,-39" /><INIT seed="4,0,0,3,5,47" ten="191,338,301,170" oya="0" hai0="34,6,63,102,26,62,92,45,31,85,108,97,21" hai1="74,119,1,82,96,93,124,33,16,56,91,128,18" hai2="99,111,116,113,3,48,40,4,76,12,105,72,115" hai3="46,19,100,114,120,109,35,106,7,36,39,17,50"/><T52/><D108/><U118/><E1/><V131/><F3/><W22/><G109/><T90/><D6/><U79/><E128/><V24/><F116/><W66/><G35/><T29/><D29/><U55/><E124/><V98/><F131/><W80/><G114/><T78/><D78/><U86/><E33/><V41/><F111/><W132/><G132/><T11/><D11/><U53/><E53/><V37/><F24/><W123/><G66/><T30/><D30/><U58/><E58/><V75/><F37/><N who="3" m="14411" /><G80/><N who="0" m="49447" /><D34/><U135/><E135/><V2/><F2/><W107/><G7/><T8/><D8/><U73/><E73/><V101/><F12/><W65/><G65/><T81/><D81/><U110/><E110/><V68/><F4/><W126/><G126/><T0/><D0/><U87/><E87/><V54/><F68/><W104/><G100/><T130/><D130/><U9/><E74/><V49/><F99/><W70/><G70/><T57/><D45/><U15/><REACH who="1" step="1"/><E18/><REACH who="1" ten="191,328,301,170" step="2"/><V89/><F75/><W14/><G19/><T51/><AGARI ba="0,1" hai="21,26,31,51,52,57,62,63,92,97,102" m="49447" machi="51" ten="30,6000,0" yaku="8,1,52,1,54,1" doraHai="47" who="0" fromWho="0" sc="191,70,328,-20,301,-20,170,-20" /><INIT seed="4,1,0,1,0,44" ten="261,308,281,150" oya="0" hai0="109,43,67,54,72,126,123,7,48,15,97,81,103" hai1="112,73,74,10,132,100,87,24,47,16,60,93,127" hai2="76,23,89,66,68,41,105,63,3,96,8,114,42" hai3="115,20,70,12,5,64,45,0,36,75,120,39,110"/><T116/><D116/><U34/><E127/><V26/><F76/><W86/><G110/><T69/><D43/><U130/><E132/><V84/><F114/><W40/><G115/><T59/><D123/><U49/><E112/><V58/><F68/><W78/><G120/><T57/><D126/><U91/><E130/><V38/><F38/><W22/><G36/><T129/><D129/><U52/><E100/><V113/><F105/><W11/><G86/><T53/><D72/><U31/><REACH who="1" step="1"/><E60/><REACH who="1" ten="261,298,281,150" step="2"/><V77/><F113/><W2/><G2/><T83/><D103/><U119/><E119/><V35/><F63/><W111/><G111/><T28/><D109/><U80/><E80/><V128/><F128/><W107/><G107/><T14/><D83/><U108/><E108/><V124/><F124/><W106/><G106/><T1/><D81/><U46/><E46/><V50/><F3/><W104/><G104/><T37/><D1/><U33/><E33/><V99/><F35/><W61/><G12/><AGARI ba="1,1" hai="10,12,16,24,31,34,47,49,52,73,74,87,91,93" machi="12" ten="40,8000,1" yaku="1,1,52,1,54,2,53,0" doraHai="44" doraHaiUra="79" who="1" fromWho="3" sc="261,0,298,93,281,0,150,-83" /><INIT seed="5,0,0,3,3,9" ten="261,391,281,67" oya="1" hai0="42,30,1,40,51,103,79,132,96,80,56,85,66" hai1="23,82,2,124,117,74,131,18,105,63,13,16,94" hai2="72,35,93,38,5,108,7,53,102,65,29,33,39" hai3="68,130,104,48,109,107,123,89,22,0,58,21,6"/><U120/><E105/><V84/><F72/><W129/><G68/><T76/><D1/><U97/><E120/><V98/><F39/><W12/><G109/><T121/><D30/><U44/><E117/><V86/><F38/><W46/><G123/><T88/><D121/><U61/><E2/><V90/><F108/><W126/><G0/><T99/><D132/><U28/><E131/><N who="3" m="50186" /><G126/><T127/><D99/><U52/><E124/><V95/><F65/><W54/><G89/><T133/><D133/><U24/><E74/><V43/><F43/><W75/><G75/><T111/><D111/><U101/><E82/><V49/><F29/><W71/><G71/><T115/><D66/><U106/><E106/><N who="3" m="40490" /><G58/><T119/><D42/><U25/><E28/><V128/><F128/><W37/><G37/><T10/><D40/><U60/><E18/><V122/><F122/><W92/><G92/><T91/><D56/><U110/><E110/><V47/><REACH who="2" step="1"/><F86/><REACH who="2" ten="261,391,271,67" step="2"/><W112/><G112/><T116/><D85/><U134/><E134/><V87/><F87/><W50/><G50/><AGARI ba="0,1" hai="13,16,23,24,25,44,50,52,60,61,63,94,97,101" machi="50" ten="40,12000,1" yaku="8,1,52,1,54,2" doraHai="9" who="1" fromWho="3" sc="261,0,391,130,271,0,67,-120" owari="261,-14.0,521,62.0,271,7.0,-53,-55.0" /></mjloggm>