<mjloggm ver="2.3"><GO type="169" lobby="0"/><UN n0="%E3%81%B5%E3%81%BF%4B%55%4E" n1="%E3%83%A2%E3%83%AD%E3%83%98%E3%82%A4%E3%83%A4" n2="%E3%83%95%E3%83%BC%E3%82%AC" n3="%E5%AE%89%E6%96%8E" dan="16,16,16,17" rate="2085.59,2055.92,2168.95,2198.25" sx="M,M,M,M"/><TAIKYOKU oya="0"/><INIT seed="0,0,0,5,3,121" ten="250,250,250,250" oya="0" hai0="129,19,114,10,60,113,110,130,56,86,92,115,55" hai1="53,49,73,133,105,70,45,28,128,17,94,97,69" hai2="23,77,20,87,30,83,2,54,51,127,122,48,35" hai3="79,39,0,34,103,36,132,135,46,64,5,52,112"/><T59/><D10/><U42/><E73/><V125/><F122/><W7/><G112/><T26/><D19/><U98/><E105/><V85/><F2/><W67/><G34/><T68/><D26/><U6/><E98/><V18/><F51/><N who="3" m="28791" /><G79/><T27/><D27/><U82/><E82/><V76/><F35/><W13/><G103/><T124/><D68/><U123/><E123/><V15/><F30/><W116/><G13/><T38/><D38/><N who="3" m="14377" /><G0/><T111/><D124/><U126/><E126/><V61/><F23/><W66/><G7/><T101/><D59/><U9/><E17/><V89/><F76/><W65/><G5/><T44/><D44/><U102/><E28/><V107/><F107/><W22/><G22/><T3/><D3/><U72/><E72/><V24/><F61/><W109/><G116/><T14/><D14/><U29/><E29/><V120/><F120/><W47/><G47/><T81/><D101/><U96/><E45/><V11/><F11/><W62/><G109/><N who="0" m="41483" /><D92/><U93/><E93/><N who="2" m="54447" /><F24/><W90/><G62/><T91/><AGARI ba="0,0" hai="55,56,60,81,86,91,113,114,115,129,130" m="41483" machi="91" ten="40,12000,1" yaku="14,1,10,1,52,3" doraHai="121" who="0" fromWho="0" sc="250,120,250,-40,250,-40,250,-40" /><INIT seed="0,1,0,2,2,36" ten="370,210,210,210" oya="0" hai0="96,129,78,40,105,113,6,10,29,102,99,109,67" hai1="52,108,69,42,7,83,19,119,0,62,86,50,48" hai2="130,26,133,98,127,34,45,81,71,74,61,55,4" hai3="70,54,57,114,95,49,92,128,2,75,68,58,47"/><T43/><D113/><U51/><E119/><V117/><F117/><W21/><G114/><T17/><D129/><U87/><E108/><V22/><F130/><W126/><G128/><T8/><D109/><U18/><E0/><V89/><F127/><W66/><G2/><T135/><D135/><U72/><E7/><V3/><F133/><W76/><G126/><T30/><D78/><U124/><E72/><V112/><F34/><W80/><G58/><T41/><D67/><U44/><E124/><V13/><F3/><W33/><G33/><T91/><D17/><N who="1" m="6155" /><E69/><V116/><F116/><W93/><REACH who="3" step="1"/><G21/><REACH who="3" ten="370,210,210,200" step="2"/><T11/><REACH who="0" step="1"/><D6/><REACH who="0" ten="360,210,210,200" step="2"/><U88/><E87/><V38/><F4/><W103/><G103/><T46/><D46/><U31/><E31/><V5/><F45/><W122/><G122/><T28/><D28/><U131/><E131/><V120/><F5/><W85/><G85/><T12/><D12/><U24/><E24/><V32/><F13/><W106/><G106/><T110/><D110/><U23/><E23/><V132/><F22/><W59/><G59/><AGARI ba="1,2" hai="42,44,48,50,51,52,59,62,83,86,88" m="6155" machi="59" ten="30,7700,0" yaku="8,1,52,1,54,2" doraHai="36" who="1" fromWho="3" sc="360,0,210,100,210,0,200,-80" /><INIT seed="1,0,0,5,3,123" ten="360,310,210,120" oya="1" hai0="62,38,133,25,135,106,56,29,42,110,92,16,55" hai1="121,67,83,130,119,40,18,126,47,21,50,114,122" hai2="100,34,35,105,98,13,63,131,112,60,10,81,23" hai3="102,8,72,111,93,4,3,113,128,57,103,22,91"/><U27/><E114/><V117/><F117/><W116/><G113/><T59/><D106/><U33/><E119/><V79/><F112/><W109/><G116/><T115/><D115/><U76/><E130/><V24/><F131/><W84/><G128/><T2/><D2/><U30/><E67/><V101/><F101/><W11/><G72/><T48/><D42/><U89/><E89/><V39/><F39/><W94/><G11/><T108/><D38/><U26/><REACH who="1" step="1"/><E126/><REACH who="1" ten="360,300,210,120" step="2"/><V129/><F129/><W77/><G77/><T5/><D133/><U28/><E28/><V31/><F34/><W66/><G94/><T12/><D135/><U44/><E44/><V58/><F35/><W65/><G65/><T71/><D71/><U75/><AGARI ba="0,1" hai="18,21,26,27,30,33,40,47,50,75,76,83,121,122" machi="75" ten="20,7800,0" yaku="1,1,0,1,7,1,53,1" doraHai="123" doraHaiUra="37" who="1" fromWho="1" sc="360,-26,300,88,210,-26,120,-26" /><INIT seed="1,1,0,5,5,98" ten="334,388,184,94" oya="1" hai0="87,3,97,128,81,120,52,70,15,0,131,55,9" hai1="16,5,42,14,126,78,84,40,41,56,109,104,30" hai2="11,38,67,28,88,75,111,116,72,44,76,99,4" hai3="85,127,95,69,50,6,25,1,48,39,117,63,18"/><U106/><E126/><V32/><F116/><W62/><G39/><T77/><D70/><U86/><E5/><V46/><F111/><W43/><G117/><T101/><D0/><U105/><E30/><V107/><F67/><W19/><G127/><T110/><D3/><U29/><E29/><V90/><F28/><W108/><G108/><T82/><D82/><U74/><E109/><V71/><F71/><W80/><G69/><T10/><D120/><U112/><E112/><V53/><F32/><W36/><G36/><T7/><D10/><U115/><E115/><V133/><F133/><W58/><G6/><T83/><D83/><U103/><E74/><V12/><F76/><W64/><G1/><T13/><D13/><U119/><E119/><V57/><F75/><W73/><G62/><T54/><REACH who="0" step="1"/><D110/><REACH who="0" ten="324,388,184,94" step="2"/><U124/><E124/><V2/><F12/><W89/><G73/><T94/><AGARI ba="1,1" hai="7,9,15,52,54,55,77,81,87,94,97,101,128,131" machi="94" ten="30,8000,1" yaku="1,1,2,1,0,1,52,1,54,1,53,0" doraHai="98" doraHaiUra="132" who="0" fromWho="0" sc="324,93,388,-41,184,-21,94,-21" /><INIT seed="2,0,0,1,0,124" ten="417,347,163,73" oya="2" hai0="58,94,43,95,62,135,13,38,80,84,102,79,117" hai1="60,111,126,48,121,118,22,0,5,9,98,76,81" hai2="110,51,66,16,32,29,1,26,53,12,44,27,122" hai3="103,86,23,131,113,63,28,73,109,10,57,127,133"/><V128/><F122/><W100/><G73/><T72/><D135/><U15/><E118/><V20/><F110/><W2/><G127/><T17/><D117/><U14/><E126/><V56/><F1/><W8/><G133/><T59/><D59/><U24/><E98/><V33/><F128/><W120/><G120/><T115/><D115/><U70/><E121/><V134/><F134/><W116/><G116/><T64/><D102/><U55/><E60/><V106/><F106/><W46/><G109/><T75/><D75/><U119/><E70/><V125/><F125/><W35/><G35/><T87/><D43/><U39/><E39/><V123/><F123/><W107/><G113/><T4/><D4/><U101/><E101/><V89/><F89/><W85/><G103/><T11/><D38/><U71/><E71/><V47/><REACH who="2" step="1"/><F66/><REACH who="2" ten="417,347,153,73" step="2"/><N who="3" m="39279" /><G2/><T105/><D105/><U93/><E111/><V104/><F104/><W82/><G107/><T30/><D64/><U78/><E119/><V36/><F36/><W77/><G100/><T129/><D79/><U132/><E76/><V92/><F92/><W31/><G131/><T108/><D94/><U130/><E93/><V83/><F83/><W67/><G67/><T112/><D95/><U37/><E37/><V3/><F3/><W65/><G65/><T42/><D80/><U40/><E132/><V69/><F69/><W68/><G68/><T99/><D129/><U74/><E130/><V96/><F96/><W18/><G77/><T6/><D108/><U91/><E91/><V90/><F90/><W61/><G82/><T34/><D112/><RYUUKYOKU ba="0,1" sc="417,-10,347,-10,153,30,73,-10" hai2="12,16,20,26,27,29,32,33,44,47,51,53,56" /><INIT seed="2,1,1,1,2,11" ten="407,337,183,63" oya="2" hai0="99,133,101,67,85,62,29,20,7,90,31,98,22" hai1="33,127,117,96,100,77,6,102,64,37,76,56,120" hai2="88,82,130,86,106,13,57,114,119,47,51,97,135" hai3="111,124,41,9,134,79,108,112,8,38,118,115,65"/><V110/><F114/><N who="3" m="43563" /><G79/><T71/><D7/><U27/><E37/><V26/><F119/><W122/><G8/><T95/><D133/><U45/><E45/><V66/><F135/><W40/><G9/><T103/><D22/><U60/><E6/><V36/><F36/><W63/><G134/><T43/><D43/><N who="3" m="16457" /><G38/><T0/><D0/><U75/><E117/><V72/><F72/><W19/><G19/><T74/><D74/><U61/><E120/><V131/><F26/><W23/><G23/><T84/><D20/><U129/><E33/><V125/><F125/><W3/><G3/><T87/><D90/><U58/><E27/><V132/><F132/><W28/><G28/><T15/><D31/><U94/><E75/><V128/><F106/><W113/><N who="3" m="43571" /><W89/><DORA hai="92" /><G89/><T126/><D29/><U80/><E127/><V55/><F97/><W21/><G21/><T54/><D126/><U59/><E76/><V46/><F110/><N who="3" m="42027" /><G124/><T14/><D101/><U39/><E102/><V107/><F107/><W69/><G118/><T78/><D78/><U49/><E100/><V42/><F42/><W91/><G91/><T18/><D18/><U44/><E96/><V10/><F66/><W16/><G16/><AGARI ba="1,1" hai="10,13,16,46,47,51,55,57,82,86,88,128,130,131" machi="16" ten="40,12000,1" yaku="19,1,52,1,54,2" doraHai="11,92" who="2" fromWho="3" sc="407,0,337,0,183,133,63,-123" owari="407,50.0,337,14.0,316,-8.0,-60,-56.0" /></mjloggm>