<mjloggm ver="2.3"><GO type="169" lobby="0"/><UN n0="%E3%83%AA%E3%83%83%E3%83%97%E3%83%AB%E3%83%A9%E3%83%83%E3%83%97%E3%83%AB" n1="%E2%80%A0%E7%99%BD%E5%85%8E%E2%80%A0" n2="%E3%82%BF%E3%82%B1%E3%83%A4%E3%83%9E" n3="%E6%A9%8B%E5%A0%B4" dan="16,17,17,17" rate="2123.02,2183.33,2199.94,2113.52" sx="F,M,M,M"/><TAIKYOKU oya="0"/><INIT seed="0,0,0,1,2,71" ten="250,250,250,250" oya="0" hai0="28,133,18,53,82,95,55,90,34,135,134,64,62" hai1="42,93,89,77,81,110,33,131,129,128,124,4,117" hai2="68,102,126,5,123,96,103,47,130,35,59,8,61" hai3="97,87,48,40,109,99,14,83,24,3,66,118,98"/><T63/><D63/><U75/><E33/><V31/><F123/><W113/><G3/><T106/><D106/><U23/><E4/><V104/><F130/><W72/><G113/><T79/><D18/><U32/><E32/><V11/><F126/><W21/><G118/><T9/><D9/><U26/><E117/><V22/><F103/><W80/><G109/><T10/><D10/><U49/><E110/><V85/><F68/><W94/><G66/><T52/><D28/><U111/><E111/><V112/><F35/><W125/><G125/><T91/><D95/><U13/><E13/><V74/><F74/><W107/><G14/><T56/><REACH who="0" step="1"/><D34/><REACH who="0" ten="240,250,250,250" step="2"/><U100/><E124/><V73/><F31/><W114/><G107/><T127/><D127/><U37/><E128/><V25/><F11/><W121/><G114/><T116/><D116/><U16/><E131/><V122/><F112/><W69/><G121/><T12/><D12/><U105/><E129/><V38/><F122/><W45/><G69/><T58/><D58/><U60/><E60/><V88/><F59/><W86/><G94/><T36/><D36/><U70/><E70/><V51/><F61/><W43/><G83/><T67/><D67/><U92/><E37/><V76/><F38/><W46/><G80/><T54/><N who="0" m="13824" /><DORA hai="57" /><T6/><D6/><U115/><E115/><V65/><F65/><W2/><G2/><T15/><D15/><U119/><E119/><V44/><F8/><W17/><G72/><AGARI ba="0,1" hai="56,62,64,72,79,82,90,91,133,134,135" m="13824" machi="72" ten="60,12000,1" yaku="1,1,20,1,52,1,54,1,53,1" doraHai="71,57" doraHaiUra="78,101" who="0" fromWho="3" sc="240,130,250,0,250,0,250,-120" /><INIT seed="0,1,0,2,3,76" ten="370,250,250,130" oya="0" hai0="87,25,64,50,40,7,65,130,32,18,29,105,1" hai1="110,68,111,80,95,23,89,36,100,67,107,85,47" hai2="86,52,4,63,125,88,69,91,77,38,129,62,127" hai3="8,15,16,94,41,82,106,13,10,117,28,51,131"/><T58/><D105/><U24/><E68/><V84/><F38/><W33/><G106/><T120/><D120/><U54/><E67/><V49/><F129/><W12/><G117/><T31/><D130/><U135/><E135/><V3/><F77/><W70/><G70/><T96/><D96/><U90/><E107/><V39/><F39/><W17/><G131/><T132/><D132/><U43/><E100/><V109/><F109/><W71/><G71/><T44/><D18/><U114/><E114/><V59/><F4/><W73/><G33/><T102/><D102/><U37/><E37/><V66/><F3/><W0/><G0/><T22/><D31/><U134/><E54/><V78/><F78/><W121/><G28/><T45/><D45/><U108/><E134/><V99/><F99/><W123/><G73/><T97/><D97/><U5/><E5/><V46/><F86/><W26/><G94/><T75/><D75/><U61/><E61/><V116/><F116/><W19/><G82/><T42/><D32/><U126/><E126/><N who="2" m="48139" /><F84/><W124/><G124/><T118/><D87/><U57/><E90/><V9/><F9/><N who="3" m="3691" /><G41/><AGARI ba="1,0" hai="41,46,49,52,59,62,63,66,69,88,91" m="48139" machi="41" ten="30,3900,0" yaku="18,1,54,2" doraHai="76" who="2" fromWho="3" sc="370,0,250,0,250,42,130,-42" /><INIT seed="1,0,0,3,4,104" ten="370,250,292,88" oya="1" hai0="11,27,31,76,113,119,18,135,72,87,108,109,30" hai1="94,89,13,83,100,64,58,19,133,88,98,120,21" hai2="50,22,36,51,134,128,48,112,95,45,53,24,9" hai3="115,125,129,79,67,91,42,43,130,26,28,80,35"/><U69/><E120/><V20/><F128/><N who="3" m="49259" /><G115/><T82/><D119/><U5/><E133/><V102/><F134/><W70/><G125/><T57/><D113/><U37/><E37/><V127/><F112/><W16/><G91/><T63/><D135/><U10/><E69/><V8/><F127/><W126/><G126/><T106/><D106/><U111/><E111/><N who="0" m="42569" /><D87/><U93/><E83/><V29/><F36/><W117/><G117/><T4/><D18/><U39/><E39/><V56/><F22/><N who="3" m="13639" /><G28/><T110/><D27/><N who="1" m="14783" /><E94/><V23/><F23/><W32/><G67/><N who="0" m="39407" /><D110/><U86/><E86/><V68/><F68/><W81/><G81/><T44/><D44/><U85/><E85/><V84/><F50/><W15/><G15/><AGARI ba="0,0" hai="4,11,15,30,31,72,76,82" m="39407,42569" machi="15" ten="30,2000,0" yaku="14,1,52,1" doraHai="104" who="0" fromWho="3" sc="370,20,250,0,292,0,88,-20" /><INIT seed="2,0,0,4,0,120" ten="390,250,292,68" oya="2" hai0="93,24,126,78,96,20,29,85,94,87,77,10,86" hai1="42,83,45,11,70,71,73,56,79,36,50,60,23" hai2="13,119,75,3,43,135,125,63,41,111,18,53,61" hai3="35,62,76,59,114,68,2,115,100,82,132,90,4"/><V88/><F119/><W128/><G68/><T33/><D126/><U98/><E23/><V0/><F75/><W52/><G35/><T9/><D33/><U80/><E80/><V28/><F28/><W131/><G100/><T57/><D57/><U65/><E98/><V124/><F135/><W31/><G31/><T55/><D55/><U121/><E121/><V15/><F53/><W72/><G132/><T19/><D94/><U69/><REACH who="1" step="1"/><E11/><REACH who="1" ten="390,240,292,68" step="2"/><V54/><F125/><W25/><G25/><T67/><D10/><U49/><AGARI ba="0,1" hai="36,42,45,49,50,56,60,65,69,70,71,73,79,83" machi="49" ten="40,5200,0" yaku="1,1,2,1,0,1,53,0" doraHai="120" doraHaiUra="118" who="1" fromWho="1" sc="390,-13,240,62,292,-26,68,-13" /><INIT seed="3,0,0,0,5,73" ten="377,302,266,55" oya="3" hai0="26,129,127,65,32,23,82,100,128,95,126,36,55" hai1="117,109,21,118,28,110,89,24,0,111,29,133,46" hai2="78,88,85,115,99,19,49,77,86,62,125,122,10" hai3="45,53,124,93,123,84,132,70,22,130,48,96,37"/><W90/><G123/><T2/><D2/><U33/><E89/><V54/><F115/><W103/><G70/><T43/><D32/><U41/><E46/><V5/><F125/><N who="0" m="47626" /><D65/><U68/><E41/><V35/><F35/><W30/><G124/><T106/><D106/><U63/><E63/><V119/><F119/><N who="1" m="45577" /><E68/><V113/><F113/><W34/><G34/><T1/><D55/><U56/><E56/><V104/><F122/><W58/><G130/><T97/><D82/><U98/><E98/><V25/><F62/><W9/><G132/><T42/><D42/><U60/><E60/><V52/><F104/><W76/><G76/><T6/><D43/><U72/><E72/><V64/><F99/><W131/><G131/><T80/><D80/><U101/><E101/><V79/><F64/><W40/><G9/><N who="0" m="2255" /><D36/><U69/><E69/><V39/><F39/><W13/><G30/><AGARI ba="0,0" hai="23,26,30,95,97,100,128,129" m="2255,47626" machi="30" ten="30,1000,0" yaku="18,1" doraHai="73" who="0" fromWho="3" sc="377,10,302,0,266,0,55,-10" /><INIT seed="4,0,0,4,4,109" ten="387,302,266,45" oya="0" hai0="58,54,27,9,31,94,38,73,74,28,5,132,123" hai1="69,107,106,113,4,67,108,47,46,93,14,51,120" hai2="2,59,25,53,119,36,81,117,91,72,26,40,44" hai3="135,101,115,90,63,7,77,134,37,20,89,96,133"/><T85/><D38/><U39/><E108/><V114/><F2/><W22/><G37/><T41/><D41/><U16/><E120/><V100/><F100/><W104/><G7/><T19/><D123/><U8/><E39/><V49/><F25/><W78/><G63/><T62/><D132/><U102/><E47/><V130/><F130/><W128/><G128/><T82/><D94/><U21/><E67/><V56/><F26/><W42/><G42/><T84/><D85/><U32/><E32/><V24/><F24/><W97/><G115/><T61/><D61/><U75/><E75/><V86/><F72/><W50/><G50/><T11/><D28/><U127/><E127/><V95/><F56/><W79/><G22/><T116/><D19/><U110/><E69/><V29/><F29/><W88/><G20/><T43/><D43/><U80/><E80/><V10/><F10/><W70/><G70/><T0/><D11/><U124/><E124/><V98/><F114/><W105/><G101/><T34/><D116/><U125/><E113/><V12/><F12/><W111/><G111/><T129/><D129/><U17/><E17/><V1/><F1/><W87/><G87/><T122/><D122/><U126/><E110/><V60/><F36/><W48/><G48/><T45/><D45/><U65/><E126/><V55/><F40/><W23/><G23/><T92/><D73/><U15/><E125/><V112/><F112/><W68/><G68/><T118/><D74/><U57/><E46/><V103/><AGARI ba="0,0" hai="44,49,53,55,59,60,81,86,91,95,98,103,117,119" machi="103" ten="30,1100,0" yaku="0,1" doraHai="109" who="2" fromWho="2" sc="387,-5,302,-3,266,11,45,-3" /><INIT seed="5,0,0,1,3,127" ten="382,299,277,42" oya="1" hai0="22,38,52,134,28,72,63,78,35,91,20,112,83" hai1="132,8,66,96,131,98,130,86,53,125,124,30,82" hai2="60,135,77,133,49,7,110,114,129,1,100,75,93" hai3="4,121,102,18,2,31,6,79,3,117,29,19,104"/><U59/><E66/><V111/><F49/><W36/><G36/><T50/><D38/><U61/><E30/><N who="3" m="11274" /><G79/><T25/><D134/><N who="2" m="51210" /><F60/><W108/><G104/><T123/><D112/><U54/><E8/><V33/><F33/><W76/><G76/><T34/><D34/><U58/><E132/><V39/><F39/><W45/><G102/><T41/><D123/><U5/><E5/><N who="3" m="2154" /><G45/><T126/><D126/><N who="1" m="48747" /><E86/><V73/><F114/><W81/><G81/><T13/><D63/><N who="1" m="36303" /><E82/><V105/><F105/><W89/><G89/><T40/><D91/><U37/><E37/><V15/><F77/><W9/><G121/><T12/><D35/><U23/><E23/><V44/><F44/><W85/><G85/><T16/><REACH who="0" step="1"/><D12/><REACH who="0" ten="372,299,277,42" step="2"/><U107/><E98/><V57/><F15/><N who="3" m="7535" /><G108/><T115/><D115/><U71/><E71/><V11/><F110/><W120/><G120/><T42/><D42/><U103/><AGARI ba="0,1" hai="54,59,61,96,103,107,130,131" m="36303,48747" machi="103" ten="30,6000,0" yaku="18,1,52,2" doraHai="127" who="1" fromWho="1" sc="372,-20,299,70,277,-20,42,-20" /><INIT seed="5,1,0,4,1,76" ten="352,369,257,22" oya="1" hai0="5,48,25,59,6,83,8,10,23,7,75,105,36" hai1="40,39,97,90,68,87,33,104,93,79,63,92,135" hai2="54,131,71,61,106,95,16,30,121,34,47,19,64" hai3="55,28,108,49,128,82,24,118,132,96,70,133,26"/><U129/><E129/><V73/><F121/><W130/><G70/><T74/><D36/><U119/><E119/><V35/><F131/><N who="3" m="50219" /><G108/><T38/><D38/><U0/><E135/><N who="3" m="51786" /><G118/><T69/><D105/><U46/><E0/><V11/><F106/><W45/><G96/><T98/><D98/><U116/><E116/><V31/><F73/><W41/><G28/><T81/><D74/><U4/><E4/><V18/><F95/><W32/><G32/><T114/><D75/><U100/><E33/><V37/><F11/><N who="0" m="4138" /><D114/><U27/><E68/><V103/><F103/><W88/><G41/><T91/><D91/><U12/><E79/><V80/><F31/><W110/><G110/><T17/><D69/><U94/><E104/><V101/><F30/><W43/><G43/><T72/><D72/><U1/><E97/><V99/><F34/><W123/><G123/><T85/><D85/><AGARI ba="1,0" hai="24,26,45,49,55,82,85,88" m="51786,50219" machi="85" ten="30,7700,0" yaku="19,1,20,1,52,1,54,1" doraHai="76" who="3" fromWho="0" sc="352,-80,369,0,257,0,22,80" /><INIT seed="6,0,0,3,4,106" ten="272,369,257,102" oya="2" hai0="112,109,107,89,6,31,132,79,83,45,64,84,58" hai1="135,73,12,134,99,81,36,129,69,68,39,105,19" hai2="87,3,100,25,104,47,86,119,40,48,93,115,29" hai3="133,113,96,85,34,123,44,128,22,97,35,52,26"/><V55/><F119/><W27/><G123/><T63/><D107/><U14/><E129/><V56/><F115/><W54/><G128/><T94/><D112/><U118/><E118/><V0/><F104/><W125/><G113/><T20/><D132/><U42/><E105/><V41/><F41/><W70/><G133/><N who="1" m="50698" /><E99/><V75/><F75/><W43/><G70/><T88/><D109/><U62/><E14/><V77/><F87/><W76/><G125/><T5/><D45/><N who="1" m="23751" /><E62/><V66/><F66/><W124/><G124/><T117/><D89/><U130/><E39/><V24/><F24/><W16/><G34/><T91/><D91/><U21/><E130/><V121/><F121/><W72/><G85/><T110/><D110/><U57/><E57/><V23/><F77/><AGARI ba="0,0" hai="12,19,21,68,69,73,77,81" m="23751,50698" machi="77" ten="30,2000,0" yaku="20,1,52,1" doraHai="106" who="1" fromWho="2" sc="272,0,369,20,257,-20,102,0" /><INIT seed="7,0,0,0,5,109" ten="272,389,237,102" oya="3" hai0="135,113,130,97,22,35,29,6,80,50,23,58,61" hai1="124,88,98,1,46,49,111,2,13,12,38,122,9" hai2="101,44,70,60,117,75,11,104,73,69,34,110,119" hai3="102,107,51,100,55,0,8,114,72,40,83,127,62"/><W123/><G123/><T54/><D6/><U77/><E38/><V68/><F110/><W74/><G40/><T115/><D35/><U93/><E111/><V5/><F60/><W96/><G102/><T125/><D125/><U37/><E37/><V25/><F44/><W90/><G127/><T47/><D135/><U21/><E122/><V53/><F53/><W86/><G62/><T91/><D130/><U89/><E77/><V7/><F7/><W15/><G114/><N who="0" m="43531" /><D29/><U94/><E124/><V20/><F20/><W63/><G63/><T116/><D116/><U17/><E9/><V32/><F101/><W65/><G65/><T82/><D97/><N who="1" m="57511" /><E2/><N who="2" m="439" /><F104/><W92/><G107/><T31/><D91/><U14/><E1/><V52/><F52/><AGARI ba="0,0" hai="12,13,14,17,21,46,49,52,89,94,98" m="57511" machi="52" ten="30,3900,0" yaku="8,1,54,2" doraHai="109" who="1" fromWho="2" sc="272,0,389,39,237,-39,102,0" owari="272,7.0,428,53.0,198,-20.0,102,-40.0" /></mjloggm>