<mjloggm ver="2.3"><GO type="169" lobby="0"/><UN n0="%74%6F%69%74%6F%69%34" n1="%E8%AB%B8%E8%91%9B%E4%BA%AE" n2="%E3%81%AB%E3%82%83%E3%82%93%E3%81%93%EF%BC%A0%E5%85%88%E7%94%9F" n3="%E3%82%BF%E3%82%B1%E3%83%A4%E3%83%9E" dan="16,16,16,17" rate="2064.18,2104.40,2129.89,2207.64" sx="M,F,M,M"/><TAIKYOKU oya="0"/><INIT seed="0,0,0,2,3,103" ten="250,250,250,250" oya="0" hai0="83,17,66,57,54,33,15,23,42,102,90,52,132" hai1="94,78,122,30,112,96,105,25,20,32,100,16,93" hai2="125,35,13,67,56,126,119,130,46,131,127,6,101" hai3="86,58,8,22,27,2,116,120,55,87,79,107,111"/><T81/><D33/><U129/><E122/><V89/><F35/><W29/><G111/><T76/><D132/><U0/><E0/><V97/><F89/><W117/><G120/><T134/><D134/><U40/><E129/><N who="2" m="49163" /><F46/><W28/><G28/><T4/><D4/><U72/><E112/><V63/><F119/><W34/><G34/><T124/><D124/><U69/><E69/><V65/><F6/><W75/><G75/><T47/><D102/><U85/><E72/><V108/><F13/><W68/><G68/><T62/><D90/><U84/><E40/><V92/><F108/><W123/><G123/><T115/><D115/><U71/><E71/><V118/><F118/><W98/><G8/><T37/><REACH who="0" step="1"/><D83/><REACH who="0" ten="240,250,250,250" step="2"/><U9/><E32/><V59/><F125/><W1/><G117/><T114/><D114/><U80/><REACH who="1" step="1"/><E85/><AGARI ba="0,1" hai="15,17,23,37,42,47,52,54,57,62,66,76,81,85" machi="85" ten="30,11600,0" yaku="1,1,7,1,54,1,53,1" doraHai="103" doraHaiUra="53" who="0" fromWho="1" sc="240,126,250,-116,250,0,250,0" /><INIT seed="0,1,0,1,0,82" ten="366,134,250,250" oya="0" hai0="27,48,108,11,135,79,98,86,77,54,120,66,60" hai1="31,45,99,83,13,74,21,58,59,95,20,102,47" hai2="112,12,50,17,30,57,105,72,39,78,28,127,69" hai3="7,76,109,111,64,117,36,38,97,130,23,71,134"/><T107/><D120/><U3/><E3/><V51/><F39/><W93/><G117/><T22/><D135/><U2/><E2/><V56/><F69/><W106/><G106/><T14/><D108/><U116/><E116/><V125/><F105/><W32/><G32/><T96/><D107/><U35/><E35/><V132/><F112/><W104/><G104/><T131/><D131/><U92/><E74/><V122/><F122/><W113/><G134/><T8/><D66/><U4/><E83/><N who="2" m="45511" /><F56/><W68/><G130/><T128/><D60/><U121/><E121/><V61/><F30/><W67/><G38/><T25/><D128/><U85/><E58/><V16/><F28/><W87/><G36/><T41/><D41/><U65/><E20/><N who="2" m="11271" /><F17/><W73/><G73/><T63/><D63/><N who="1" m="38143" /><E4/><V133/><F61/><W42/><G113/><T80/><D77/><U70/><E70/><V6/><F6/><W34/><G34/><T52/><D54/><U84/><E95/><V62/><F133/><W46/><G71/><T55/><D55/><U119/><E119/><V100/><F132/><W90/><G68/><T91/><D79/><U18/><E31/><V33/><F33/><W94/><G111/><T81/><D22/><U49/><E47/><V29/><F29/><W103/><G109/><T40/><D40/><AGARI ba="1,0" hai="13,18,21,40,45,49,84,85,92,99,102" m="38143" machi="40" ten="30,3900,0" yaku="8,1,52,2" doraHai="82" who="1" fromWho="0" sc="366,-42,134,42,250,0,250,0" /><INIT seed="1,0,0,2,1,19" ten="324,176,250,250" oya="1" hai0="79,50,83,36,51,42,73,77,43,2,96,132,89" hai1="84,98,64,27,4,121,32,107,18,55,133,38,11" hai2="106,33,7,49,37,41,17,71,62,58,131,35,24" hai3="109,120,52,91,23,8,81,0,88,5,82,125,60"/><U59/><E121/><V118/><F106/><W65/><G120/><T46/><D132/><U34/><E133/><V20/><F118/><W85/><G109/><T68/><D68/><U90/><E38/><V44/><F131/><W122/><G122/><T127/><D127/><U103/><E64/><V28/><F7/><W110/><G110/><T117/><D117/><U112/><E112/><V69/><F35/><W74/><G125/><T97/><D89/><U104/><E104/><V21/><BYE who="1" /><F33/><W29/><G74/><T53/><D79/><U47/><E47/><V40/><F40/><W93/><G91/><T126/><D126/><U10/><E10/><V31/><F31/><W63/><G63/><T1/><D51/><U48/><E48/><V111/><F37/><W30/><G30/><T134/><D134/><U12/><E12/><V113/><F113/><W16/><G52/><UN n1="%E8%AB%B8%E8%91%9B%E4%BA%AE" /><T6/><D43/><U14/><E55/><V102/><F102/><W124/><G29/><T61/><D61/><U39/><E59/><V128/><F128/><W119/><G119/><T22/><D2/><U76/><E76/><V70/><F111/><W95/><G81/><T67/><D67/><U25/><E39/><V101/><F101/><W66/><G66/><T80/><D80/><U115/><E115/><V54/><F71/><W94/><G124/><T57/><D22/><N who="1" m="13527" /><E27/><AGARI ba="0,0" hai="17,20,21,24,27,28,41,44,49,54,58,62,69,70" machi="27" ten="30,3900,0" yaku="7,1,52,2" doraHai="19" who="2" fromWho="1" sc="324,0,176,-39,250,39,250,0" /><INIT seed="2,0,0,4,2,101" ten="324,137,289,250" oya="2" hai0="79,56,66,83,134,58,128,29,125,46,63,120,71" hai1="122,45,21,95,34,131,106,61,90,100,94,62,27" hai2="40,92,37,116,59,75,99,81,80,16,115,97,111" hai3="104,57,135,105,19,118,129,132,87,60,52,89,107"/><V124/><F116/><W102/><G118/><T73/><D120/><U20/><E122/><V113/><F37/><W47/><G129/><T4/><D128/><U96/><E131/><V70/><F70/><W5/><G5/><T85/><D125/><U55/><E34/><V24/><F40/><W127/><G127/><T74/><D134/><N who="3" m="51241" /><G19/><T54/><D29/><U91/><E45/><V43/><F43/><W121/><G121/><T8/><D46/><U42/><E42/><V41/><F41/><W53/><G47/><T10/><D10/><U22/><E27/><V98/><F124/><W28/><G28/><T26/><D26/><U78/><E78/><V35/><F35/><W133/><G133/><T32/><D32/><U18/><E18/><V114/><F59/><W109/><G109/><T1/><REACH who="0" step="1"/><D71/><REACH who="0" ten="314,137,289,250" step="2"/><U39/><E39/><V33/><F33/><W15/><G15/><T50/><AGARI ba="0,1" hai="1,4,8,50,54,56,58,63,66,73,74,79,83,85" machi="50" ten="20,8000,1" yaku="1,1,2,1,0,1,7,1,53,1" doraHai="101" doraHaiUra="7" who="0" fromWho="0" sc="314,90,137,-20,289,-40,250,-20" /><INIT seed="3,0,0,4,0,81" ten="404,117,249,230" oya="3" hai0="30,48,39,131,75,42,54,80,3,51,111,107,96" hai1="106,9,97,4,28,36,21,38,130,35,19,27,6" hai2="15,77,93,41,122,135,24,120,69,126,129,68,79" hai3="60,110,67,47,10,8,62,125,64,71,22,115,132"/><W119/><G115/><T49/><D3/><N who="1" m="159" /><E97/><V66/><F41/><W87/><G119/><T58/><D30/><U98/><E98/><V18/><F24/><W1/><G132/><T128/><D111/><U23/><E23/><BYE who="1" /><V25/><F25/><W100/><G125/><T17/><D17/><U31/><E31/><V89/><F135/><W78/><G110/><T118/><D118/><U116/><E116/><V2/><F2/><W88/><G100/><T0/><D0/><U16/><E16/><V74/><F74/><W13/><G78/><N who="2" m="29705" /><F129/><N who="0" m="49738" /><D80/><U73/><E73/><V134/><F126/><W57/><G1/><T121/><D75/><U105/><E105/><V123/><F66/><W103/><G103/><N who="0" m="62951" /><D121/><U90/><E90/><V82/><F82/><W99/><G99/><T11/><D11/><U84/><E84/><N who="2" m="52391" /><F134/><W72/><G72/><T32/><D32/><U5/><E5/><V94/><F94/><W95/><G22/><AGARI ba="0,0" hai="15,18,22,68,69,120,122,123" m="52391,29705" machi="22" ten="30,2000,0" yaku="13,1,52,1" doraHai="81" who="2" fromWho="3" sc="404,0,117,0,249,20,230,-20" /><INIT seed="4,0,0,2,4,80" ten="404,117,269,210" oya="0" hai0="48,21,34,97,64,37,62,133,65,45,32,71,106" hai1="35,134,107,59,50,52,49,99,27,91,85,16,42" hai2="70,69,117,87,29,41,100,4,0,131,25,102,78" hai3="94,56,60,115,128,20,10,67,47,126,40,118,18"/><T120/><D120/><U93/><E93/><V127/><F117/><W33/><G128/><T44/><D21/><U26/><E26/><V82/><F131/><W105/><G126/><T6/><D133/><U8/><E8/><V108/><F108/><W58/><G115/><T68/><D6/><U98/><E98/><V130/><F130/><W66/><G105/><T92/><D106/><U123/><E123/><V135/><F135/><W30/><G118/><T9/><D9/><U84/><E84/><V55/><F41/><W122/><G122/><T12/><D12/><U46/><E46/><V112/><F112/><W73/><G73/><T125/><D125/><U75/><E75/><V38/><F38/><W121/><G121/><T79/><D79/><U124/><E124/><V11/><F127/><UN n1="%E8%AB%B8%E8%91%9B%E4%BA%AE" /><W88/><G10/><T14/><D14/><U53/><E134/><V72/><F72/><W43/><G30/><T39/><D48/><U24/><E42/><V54/><F102/><W3/><G33/><T129/><D129/><U103/><E35/><V23/><REACH who="2" step="1"/><F100/><REACH who="2" ten="404,117,259,210" step="2"/><W1/><G43/><T90/><D39/><U19/><E27/><V89/><F89/><W22/><G88/><T113/><D37/><U51/><E24/><V57/><F57/><W36/><G58/><T119/><D113/><U7/><E59/><V96/><F96/><W28/><G56/><T114/><D114/><U13/><E7/><V116/><F116/><W17/><G40/><T95/><D119/><U74/><E74/><V111/><F111/><W2/><G36/><T110/><D110/><U15/><E103/><RYUUKYOKU ba="0,1" sc="404,-10,117,-10,259,30,210,-10" hai2="0,4,11,23,25,29,54,55,69,70,78,82,87" /><INIT seed="5,1,1,1,0,40" ten="394,107,289,200" oya="1" hai0="134,74,128,51,43,106,30,84,103,0,24,92,115" hai1="83,109,33,81,67,88,101,14,8,12,135,98,77" hai2="59,41,6,125,93,126,116,122,121,82,19,131,124" hai3="11,110,132,102,28,34,57,54,71,20,13,55,72"/><U44/><E135/><V63/><F6/><W47/><G110/><T45/><D0/><U97/><E109/><V38/><F19/><W60/><G72/><T89/><D134/><U114/><E33/><V16/><F16/><W49/><G34/><T112/><D128/><U17/><E114/><N who="0" m="43561" /><D74/><U39/><E67/><V48/><F93/><W96/><G132/><T7/><D7/><U42/><E14/><V73/><F82/><W117/><G117/><T15/><D15/><U119/><E119/><V76/><F76/><W23/><G28/><T29/><D24/><U64/><E64/><N who="2" m="39039" /><F73/><W120/><G71/><T130/><D130/><U36/><E36/><V53/><F116/><W35/><G35/><T129/><D129/><U10/><E10/><V133/><F131/><W37/><G120/><T62/><D62/><U3/><E3/><V100/><F100/><W25/><G37/><T58/><D58/><U107/><REACH who="1" step="1"/><E77/><REACH who="1" ten="394,97,289,200" step="2"/><V31/><F133/><W4/><G25/><T22/><D22/><U105/><E105/><AGARI ba="1,2" hai="4,11,13,20,23,47,49,54,55,57,60,96,102,105" machi="105" ten="30,2000,0" yaku="7,1,52,1" doraHai="40" who="3" fromWho="1" sc="394,0,97,-23,289,0,200,43" /><INIT seed="6,0,0,3,5,31" ten="394,74,289,243" oya="2" hai0="7,106,76,99,29,104,19,17,118,68,57,96,10" hai1="23,83,43,129,92,56,97,44,38,74,52,115,112" hai2="26,123,117,79,42,113,85,108,67,72,100,58,120" hai3="111,33,102,47,34,107,53,132,64,14,98,13,122"/><V36/><F117/><W35/><G111/><T121/><D68/><U103/><E129/><V59/><F108/><W27/><G122/><T0/><D76/><U135/><E135/><V30/><F72/><W63/><G27/><T28/><D121/><U73/><E23/><V11/><F113/><W71/><G132/><T24/><D118/><U128/><E128/><V12/><F100/><W5/><G5/><T21/><D57/><U6/><E6/><V125/><F125/><W25/><G25/><T46/><D46/><U88/><E103/><V80/><F67/><W54/><G47/><T2/><D2/><U16/><E16/><V78/><F79/><W75/><G75/><T37/><D37/><U32/><E32/><V50/><F36/><W45/><G45/><T127/><D29/><U41/><E41/><V62/><F62/><W116/><G116/><T126/><D19/><U130/><E130/><V20/><F59/><W48/><G48/><T9/><D9/><U40/><E40/><V89/><F89/><W114/><G114/><N who="1" m="43562" /><E83/><V22/><F22/><W65/><G65/><T4/><D4/><U18/><E18/><N who="2" m="8479" /><F42/><W124/><G124/><N who="0" m="47659" /><D28/><U91/><E91/><V77/><F78/><W70/><G70/><T119/><D119/><U90/><E90/><V39/><F39/><W81/><G81/><T49/><D49/><AGARI ba="0,0" hai="38,43,44,49,52,56,73,74,88,92,97" m="43562" machi="49" ten="30,3900,0" yaku="15,1,54,2" doraHai="31" who="1" fromWho="0" sc="394,-39,74,39,289,0,243,0" /><INIT seed="7,0,0,4,5,118" ten="355,113,289,243" oya="3" hai0="130,114,22,84,103,86,119,122,32,116,9,83,69" hai1="95,92,13,67,61,14,42,25,113,51,90,106,45" hai2="59,68,58,24,81,131,105,6,43,91,40,55,2" hai3="108,72,54,18,31,34,26,123,16,30,88,78,127"/><W15/><G123/><T46/><D122/><U80/><E106/><V5/><F68/><W49/><G31/><T20/><D69/><U4/><E113/><V94/><F105/><W41/><G41/><T23/><D32/><U0/><E0/><V132/><F2/><W99/><G127/><T12/><D103/><U96/><E4/><N who="2" m="1643" /><F131/><W37/><G37/><T126/><D46/><U39/><E39/><V133/><F81/><W63/><G63/><T64/><D64/><U93/><E80/><V29/><F24/><W135/><G78/><T10/><D12/><U57/><E93/><V97/><F58/><W60/><G60/><T52/><D130/><U89/><REACH who="1" step="1"/><E25/><REACH who="1" ten="355,103,289,243" step="2"/><V65/><F94/><W112/><G112/><T121/><D83/><U109/><E109/><V87/><F133/><W125/><G135/><T27/><D27/><U101/><E101/><V100/><F100/><W17/><G108/><T128/><D114/><U44/><E44/><V76/><F132/><W56/><G26/><T111/><D111/><U19/><E19/><V107/><F29/><W66/><G17/><T74/><D128/><U3/><E3/><V129/><F107/><W1/><G16/><T98/><D119/><U82/><E82/><V47/><F47/><W79/><G18/><T8/><D116/><U77/><E77/><V73/><F76/><W62/><G79/><T50/><D74/><U21/><E21/><V75/><F73/><W120/><G72/><T38/><D22/><U115/><E115/><V104/><F75/><W110/><G1/><T85/><D23/><U134/><E134/><RYUUKYOKU ba="0,1" sc="355,-10,103,30,289,-10,243,-10" hai1="13,14,42,45,51,57,61,67,89,90,92,95,96" owari="355,46.0,133,-37.0,279,8.0,233,-17.0" /></mjloggm>