<mjloggm ver="2.3"><GO type="169" lobby="0"/><UN n0="%40%E7%B4%94%E3%81%A1%E3%82%83%E3%82%93" n1="%E6%B9%8A%E6%96%97%E3%81%8B%E3%81%92%E3%81%82%E3%81%8D" n2="%E3%81%A7%E3%82%93%E3%81%A4%E3%81%86" n3="%E6%B2%96%E3%83%92%E3%82%AB%E3%83%AB%EF%BC%88%E6%9C%AC%E7%89%A9%EF%BC%89" dan="17,16,16,16" rate="2158.08,2090.30,2171.07,2104.93" sx="M,M,M,F"/><TAIKYOKU oya="0"/><INIT seed="0,0,0,4,1,116" ten="250,250,250,250" oya="0" hai0="37,67,9,7,6,86,104,130,46,110,87,62,75" hai1="89,102,123,88,94,133,22,111,124,27,103,97,114" hai2="23,107,51,95,53,49,100,55,34,25,0,105,85" hai3="101,99,76,13,54,1,121,32,118,41,93,58,4"/><T50/><D75/><U71/><E71/><V69/><F0/><W129/><G32/><T12/><D130/><U77/><E111/><V72/><F69/><W59/><G118/><T119/><D119/><U92/><E133/><V132/><F72/><W112/><G112/><T98/><D110/><U83/><E124/><V26/><F132/><W125/><G125/><T10/><D37/><U73/><E114/><V63/><F63/><W127/><G127/><T14/><D98/><U44/><E123/><V131/><F34/><W11/><G129/><T120/><D104/><U65/><E65/><V134/><F134/><W106/><G76/><T8/><D8/><U36/><E103/><V91/><F26/><W19/><G41/><T115/><D115/><U39/><E44/><V113/><F100/><W66/><G66/><T128/><D120/><U82/><E82/><V2/><F2/><W17/><G106/><T52/><D128/><U29/><REACH who="1" step="1"/><E102/><REACH who="1" ten="250,240,250,250" step="2"/><V84/><F113/><W15/><G121/><T122/><D122/><U68/><E68/><AGARI ba="0,1" hai="6,7,9,10,12,14,46,50,52,62,67,68,86,87" machi="68" ten="30,5800,0" yaku="7,1,9,1,54,1" doraHai="116" who="0" fromWho="1" sc="250,68,240,-58,250,0,250,0" /><INIT seed="0,1,0,1,1,111" ten="318,182,250,250" oya="0" hai0="115,59,38,48,20,129,126,17,32,30,101,96,105" hai1="55,98,132,34,110,44,120,39,49,22,31,71,70" hai2="36,16,64,74,116,52,75,60,117,65,51,24,21" hai3="46,134,77,54,123,61,68,90,72,53,109,35,57"/><T130/><D38/><U76/><E120/><V118/><F36/><W131/><G35/><T45/><D115/><U93/><E110/><V27/><F24/><W10/><G109/><T108/><D126/><U56/><E34/><V7/><F7/><W94/><G68/><T133/><D108/><U91/><E132/><V86/><F86/><W5/><G123/><T97/><D133/><U67/><E76/><V89/><F89/><W119/><G119/><T0/><D0/><U15/><E31/><V63/><F63/><W40/><G134/><T128/><D59/><U99/><E99/><V29/><F29/><W37/><G131/><T122/><D122/><U50/><E39/><V125/><F125/><W112/><G112/><T87/><D97/><U107/><E107/><V79/><F79/><W26/><G26/><N who="0" m="18519" /><D87/><U100/><E91/><V83/><F83/><N who="3" m="45479" /><G57/><T6/><D6/><U102/><E102/><V84/><F84/><N who="3" m="52551" /><G61/><T58/><D58/><U106/><E106/><V73/><F60/><W88/><G88/><T43/><D20/><U8/><E22/><V80/><F80/><W62/><G62/><T11/><D17/><U28/><E28/><V14/><F27/><W104/><G104/><T114/><D114/><U41/><REACH who="1" step="1"/><E67/><REACH who="1" ten="318,172,250,250" step="2"/><V3/><F3/><AGARI ba="1,1" hai="3,5,10,37,40,46,53,54" m="52551,45479" machi="3" ten="30,1000,0" yaku="25,1" doraHai="111" who="3" fromWho="2" sc="318,0,172,0,250,-13,250,23" /><INIT seed="1,0,0,2,3,20" ten="318,172,237,273" oya="1" hai0="126,131,18,30,86,19,73,21,82,68,51,14,109" hai1="135,110,63,115,75,11,40,92,90,106,129,13,93" hai2="32,133,28,118,84,71,104,34,0,44,114,49,37" hai3="72,113,108,22,39,4,26,99,25,59,12,6,123"/><U132/><E115/><V67/><F118/><W85/><G72/><T50/><D109/><U17/><E106/><V7/><F104/><W45/><G113/><T87/><D131/><U33/><E129/><V8/><F37/><W46/><G123/><T134/><D126/><U70/><E75/><V95/><F114/><W48/><G39/><T41/><D134/><N who="1" m="51243" /><E110/><V94/><F133/><W101/><G85/><T69/><D73/><U125/><E125/><V65/><F71/><W128/><G128/><T102/><D102/><U105/><E105/><V57/><F34/><W60/><G22/><T58/><D30/><U54/><E40/><V127/><F127/><W62/><G108/><T100/><D100/><U124/><E124/><V43/><F57/><W61/><G99/><T10/><D58/><N who="1" m="35287" /><E70/><V98/><F84/><W77/><G101/><T36/><D36/><U1/><E33/><V121/><F121/><W116/><G77/><T31/><D86/><N who="1" m="52311" /><E93/><V120/><F94/><W15/><G116/><T96/><D96/><U56/><E56/><V80/><F120/><W64/><G64/><T97/><D97/><U38/><E38/><V5/><F95/><W103/><G103/><T9/><D69/><U83/><E83/><V79/><F98/><W23/><G59/><T35/><D68/><U91/><E91/><V55/><F80/><W89/><G89/><T117/><D117/><U112/><E112/><V111/><F111/><W2/><G62/><T47/><D82/><U130/><E130/><V42/><F32/><W66/><G66/><T88/><D88/><U16/><E1/><RYUUKYOKU ba="0,0" sc="318,-10,172,30,237,-10,273,-10" hai1="11,13,16,17" /><INIT seed="1,1,0,2,2,63" ten="308,202,227,263" oya="1" hai0="46,59,83,37,111,34,65,92,57,75,93,131,115" hai1="133,116,72,80,43,47,33,135,16,5,56,52,99" hai2="18,60,86,97,71,123,120,30,119,98,20,128,55" hai3="24,2,13,22,88,15,29,104,129,7,32,109,53"/><U44/><E116/><V25/><F119/><W48/><G104/><T58/><D115/><U87/><E72/><V70/><F128/><W125/><G129/><T124/><D34/><U74/><E74/><V127/><F127/><W61/><G125/><T23/><D131/><U90/><E33/><V91/><F71/><W36/><G36/><T134/><D134/><N who="1" m="51211" /><E5/><V64/><F55/><W50/><G109/><T100/><D124/><U78/><E43/><V45/><F45/><N who="1" m="17481" /><E99/><V10/><F98/><W89/><G2/><T17/><D46/><U106/><E106/><V1/><F97/><W118/><G118/><T9/><D37/><U103/><E103/><V95/><F1/><W82/><G32/><T94/><D100/><U73/><E16/><V4/><F4/><W14/><G7/><T107/><D107/><U19/><E19/><V105/><F105/><W132/><G132/><T114/><D111/><U96/><E96/><V117/><F117/><W11/><G11/><T102/><D114/><U110/><E110/><V28/><F10/><W8/><G8/><T21/><D102/><U41/><E41/><V3/><F3/><W81/><G61/><N who="0" m="38063" /><D9/><U85/><E90/><N who="3" m="34922" /><G53/><T77/><D21/><U6/><E6/><V113/><F113/><W0/><G0/><T68/><D23/><U69/><E69/><V49/><F49/><AGARI ba="1,0" hai="13,14,15,22,24,29,48,49,50,81,82" m="34922" machi="49" ten="30,2000,0" yaku="8,1,54,1" doraHai="63" who="3" fromWho="2" sc="308,0,202,0,227,-23,263,23" /><AGARI ba="1,0" hai="49,52,56,73,78,80,85,87" m="17481,51211" machi="49" ten="30,2900,0" yaku="20,1,54,1" doraHai="63" who="1" fromWho="2" sc="308,0,202,29,204,-29,286,0" /><INIT seed="1,2,0,5,4,37" ten="308,231,175,286" oya="1" hai0="78,51,23,77,30,123,66,133,99,113,47,127,40" hai1="118,8,13,115,33,93,96,16,135,121,55,122,69" hai2="91,61,134,94,59,46,29,104,97,81,89,15,58" hai3="70,6,126,14,32,50,109,79,10,130,24,31,56"/><U83/><E115/><V42/><F134/><W34/><G70/><T116/><D113/><U129/><E118/><V100/><F29/><W107/><G107/><T112/><D112/><U20/><E33/><V52/><F104/><W35/><G79/><T117/><D133/><U28/><E135/><V72/><F59/><W0/><G56/><T132/><D132/><U105/><E105/><V119/><F119/><W26/><G50/><T49/><D127/><U76/><E69/><V17/><F81/><W110/><G126/><T131/><D131/><U114/><E114/><V44/><F72/><W12/><G130/><T88/><D123/><U9/><E55/><V45/><REACH who="2" step="1"/><F42/><REACH who="2" ten="308,231,165,286" step="2"/><W60/><G60/><T5/><D116/><U75/><E129/><V39/><F39/><W73/><G73/><T21/><D117/><U4/><E28/><V57/><F57/><W101/><G31/><T125/><D125/><U43/><E43/><V62/><F62/><W3/><G101/><T84/><D30/><U11/><REACH who="1" step="1"/><E4/><REACH who="1" ten="308,221,165,286" step="2"/><V120/><F120/><W48/><G48/><T18/><D5/><U108/><E108/><N who="3" m="41578" /><G0/><T98/><D51/><U111/><E111/><V95/><F95/><W87/><G3/><T65/><D49/><U38/><E38/><V63/><F63/><W25/><G35/><T106/><D40/><U124/><E124/><V102/><F102/><AGARI ba="2,2" hai="8,9,11,13,16,20,75,76,83,93,96,102,121,122" machi="102" ten="40,3900,0" yaku="1,1,54,1,53,0" doraHai="37" doraHaiUra="64" who="1" fromWho="2" sc="308,0,221,65,165,-45,286,0" /><INIT seed="1,3,0,4,1,22" ten="308,286,120,286" oya="1" hai0="55,122,88,125,89,12,18,123,59,82,54,90,68" hai1="103,121,39,67,86,91,124,3,126,51,87,134,31" hai2="50,35,4,120,9,2,15,14,92,99,38,26,7" hai3="101,8,32,10,19,80,106,47,48,52,111,11,64"/><U135/><E39/><V110/><F38/><W85/><G111/><T73/><D125/><N who="1" m="48235" /><E3/><V72/><F72/><W37/><G37/><T102/><D68/><U66/><E121/><V127/><F127/><W36/><G36/><T6/><D6/><U24/><E51/><V78/><F78/><W115/><G115/><T23/><D102/><U57/><E103/><V49/><F110/><W42/><G64/><N who="1" m="24618" /><E57/><V133/><F133/><N who="1" m="50697" /><E91/><V81/><F81/><W105/><G101/><T53/><REACH who="0" step="1"/><D59/><REACH who="0" ten="298,286,120,286" step="2"/><U129/><E129/><V28/><F120/><W41/><G106/><T60/><D60/><U16/><E16/><V71/><F71/><W119/><G105/><T98/><D98/><U61/><E61/><V130/><F130/><W97/><G97/><T108/><D108/><U56/><E56/><V27/><F4/><W77/><G47/><T70/><D70/><U0/><E0/><V112/><F112/><W104/><G104/><T116/><D116/><U21/><AGARI ba="3,1" hai="21,24,31,86,87" m="50697,24618,48235" machi="21" ten="40,7800,0" yaku="18,1,20,1,52,1" doraHai="22" who="1" fromWho="1" sc="298,-29,286,97,120,-29,286,-29" /><INIT seed="1,4,0,3,0,28" ten="269,383,91,257" oya="1" hai0="15,83,39,129,126,36,51,111,40,96,64,22,17" hai1="23,101,110,53,29,71,32,0,75,118,89,30,14" hai2="66,52,125,91,87,102,20,84,131,107,3,37,77" hai3="72,128,133,33,48,135,74,58,54,73,86,106,9"/><U57/><E118/><V16/><F3/><W112/><G112/><T67/><D111/><U45/><E71/><V10/><F37/><W94/><G106/><T24/><D126/><U120/><E0/><V13/><F125/><W117/><G117/><T79/><D129/><U76/><E120/><V60/><F131/><W4/><G128/><T2/><D2/><U46/><E101/><V59/><F107/><W34/><G9/><T61/><D96/><U114/><E114/><V93/><F102/><W21/><G4/><T55/><D40/><U62/><E29/><V88/><F77/><W82/><G94/><T100/><D100/><U69/><E69/><V130/><F130/><W35/><REACH who="3" step="1"/><G21/><REACH who="3" ten="269,383,91,247" step="2"/><T27/><D39/><U108/><E23/><V97/><F91/><AGARI ba="4,1" hai="33,34,35,48,54,58,72,73,74,82,86,91,133,135" machi="91" ten="50,8000,1" yaku="1,1,2,1,52,3,53,0" doraHai="28" doraHaiUra="5" who="3" fromWho="2" sc="269,0,383,0,91,-92,247,102" owari="269,-13.0,383,48.0,-1,-50.0,349,15.0" /></mjloggm>