<mjloggm ver="2.3"><GO type="169" lobby="0"/><UN n0="%E6%84%9B%E5%86%85%E9%87%8C%E8%8F%9C" n1="%E3%81%B5%E3%81%AA%E3%81%94%E3%82%8D%E3%83%BC" n2="%E6%B0%B4%E5%93%89%E3%81%AE%E3%83%AC%E3%82%B8%E3%82%A7%E3%83%B3%E3%83%89" n3="%43%6C%69%6F" dan="18,16,16,16" rate="2256.86,2075.99,2159.36,2039.96" sx="F,M,M,M"/><TAIKYOKU oya="0"/><INIT seed="0,0,0,2,1,86" ten="250,250,250,250" oya="0" hai0="84,1,65,122,123,120,34,47,24,48,42,17,10" hai1="85,59,104,118,5,131,26,114,79,83,82,25,55" hai2="132,70,21,38,0,6,27,54,106,74,76,41,101" hai3="128,75,66,77,18,119,49,50,19,63,134,89,105"/><T125/><D125/><U9/><E118/><V53/><F70/><W7/><G119/><T40/><D65/><U124/><E104/><V103/><F132/><W88/><G105/><T2/><D42/><U112/><E124/><V37/><F37/><W94/><G7/><T127/><D127/><U100/><E100/><V56/><F106/><W32/><G32/><T91/><D34/><U57/><E57/><V126/><F54/><W78/><G134/><T111/><D111/><U16/><E131/><V14/><F14/><W22/><G128/><T51/><D51/><N who="3" m="19465" /><G75/><T113/><D113/><N who="1" m="43627" /><E82/><N who="2" m="45335" /><F56/><N who="3" m="37223" /><G94/><T46/><D46/><U81/><E81/><V87/><F53/><W110/><G110/><T69/><D69/><U13/><E5/><V117/><F117/><W39/><G39/><T64/><D64/><U107/><E107/><V99/><F99/><W108/><G108/><T15/><REACH who="0" step="1"/><D24/><REACH who="0" ten="240,250,250,250" step="2"/><U90/><E26/><V68/><F68/><W52/><G52/><T45/><D45/><U61/><E25/><V133/><F126/><W43/><G43/><T109/><D109/><U121/><E121/><V102/><F133/><W31/><G31/><T58/><D58/><U62/><E61/><V20/><F27/><N who="3" m="14807" /><G19/><T93/><AGARI ba="0,1" hai="1,2,10,15,17,40,47,48,84,91,93,120,122,123" machi="93" ten="30,6000,0" yaku="1,1,0,1,52,1,53,0" doraHai="86" doraHaiUra="96" who="0" fromWho="0" sc="240,70,250,-20,250,-20,250,-20" /><INIT seed="0,1,0,2,3,78" ten="310,230,230,230" oya="0" hai0="3,47,57,118,41,92,86,107,43,93,1,58,17" hai1="97,90,108,119,24,88,32,46,123,70,76,68,20" hai2="21,51,40,36,113,109,106,102,121,5,25,27,99" hai3="122,9,117,30,16,83,18,101,55,44,13,120,60"/><T54/><D107/><U23/><E123/><N who="3" m="47146" /><G101/><T111/><D118/><U128/><E119/><V95/><F121/><W125/><G117/><T12/><D111/><U81/><E108/><V72/><F109/><W29/><G125/><T104/><D104/><U53/><E128/><V33/><F113/><W61/><G18/><T11/><D41/><U39/><E32/><V66/><F36/><W75/><G44/><T14/><D12/><U59/><E70/><V133/><F133/><W56/><G61/><T0/><D54/><U124/><E68/><V116/><F5/><W34/><G34/><T115/><D115/><U94/><E90/><V135/><F33/><W79/><AGARI ba="1,0" hai="9,13,16,29,30,55,56,60,75,79,83" m="47146" machi="79" ten="30,4000,0" yaku="13,1,52,1,54,1" doraHai="78" who="3" fromWho="3" sc="310,-21,230,-11,230,-11,230,43" /><INIT seed="1,0,0,2,2,105" ten="289,219,219,273" oya="1" hai0="126,46,128,121,92,11,67,36,82,14,4,133,21" hai1="48,78,103,71,5,30,72,120,125,122,10,119,60" hai2="50,29,56,66,31,134,109,69,58,38,117,129,100" hai3="6,79,44,49,47,107,42,13,75,28,0,55,115"/><U96/><E119/><V63/><F117/><W33/><G107/><T22/><D67/><U20/><E125/><V34/><F109/><W108/><G108/><T89/><D126/><U43/><E30/><V132/><F134/><W127/><G127/><T27/><D133/><U104/><E20/><V68/><F100/><W61/><G115/><T90/><D128/><U93/><E104/><V23/><F34/><W54/><G13/><T64/><D121/><U73/><E78/><V113/><F23/><W83/><G61/><T37/><D64/><U85/><E85/><V94/><F94/><W18/><G18/><T3/><D14/><U114/><E114/><V57/><F29/><W17/><G17/><T106/><D106/><U70/><E122/><V131/><F31/><W98/><G98/><T81/><D89/><U24/><E24/><V1/><F1/><W39/><G28/><T116/><D116/><U19/><E19/><V84/><F84/><W51/><G33/><T15/><D15/><U80/><E80/><V110/><F110/><W41/><G51/><T16/><D22/><U102/><E102/><V99/><F99/><W35/><G35/><T65/><D65/><U53/><E43/><V45/><F132/><W25/><G25/><T130/><D130/><N who="2" m="49674" /><F38/><W77/><G77/><T112/><D36/><U135/><E135/><V2/><F2/><W95/><G95/><T12/><D27/><U88/><E103/><V62/><F113/><W123/><G123/><T111/><D112/><U7/><E120/><V8/><F8/><AGARI ba="0,0" hai="0,6,8,39,41,42,44,47,49,54,55,75,79,83" machi="8" ten="40,5200,0" yaku="25,2,52,1" doraHai="105" who="3" fromWho="2" sc="289,0,219,0,219,-52,273,52" /><INIT seed="2,0,0,1,3,95" ten="289,219,167,325" oya="2" hai0="99,93,126,112,97,100,30,61,78,16,134,32,46" hai1="11,74,115,26,37,92,103,40,129,31,118,77,69" hai2="127,98,73,71,81,59,107,13,29,85,79,54,22" hai3="34,119,1,106,67,130,123,56,128,55,64,109,87"/><V102/><F127/><W27/><G119/><T7/><D112/><U121/><E118/><V132/><F132/><W23/><G1/><T135/><D126/><U60/><E115/><V66/><F71/><W33/><G123/><T20/><D7/><U17/><E121/><V125/><F125/><W52/><G106/><T96/><D78/><U72/><E129/><N who="3" m="49770" /><G87/><T39/><D30/><U0/><E77/><V75/><F66/><N who="3" m="25131" /><G109/><T47/><D61/><U116/><E60/><V83/><F83/><W49/><G55/><T14/><D32/><U25/><E69/><V113/><F113/><W58/><G58/><T68/><D68/><U5/><E116/><V18/><REACH who="2" step="1"/><F29/><AGARI ba="0,0" hai="23,27,29,33,34,49,52,56" m="25131,49770" machi="29" ten="30,2000,0" yaku="19,1,54,1" doraHai="95" who="3" fromWho="2" sc="289,0,219,0,167,-20,325,20" /><INIT seed="3,0,0,0,5,127" ten="289,219,147,345" oya="3" hai0="20,101,48,117,77,78,54,86,7,92,10,99,53" hai1="87,76,67,35,79,30,126,51,107,115,90,58,36" hai2="97,57,81,39,84,93,94,5,24,118,37,110,69" hai3="1,65,62,3,50,111,89,116,132,109,91,125,29"/><W4/><G116/><T55/><D117/><U14/><E115/><V25/><F118/><W16/><G125/><T128/><D128/><U95/><E36/><V0/><F69/><W34/><G50/><T11/><D11/><U106/><E126/><V6/><F110/><N who="3" m="41995" /><G29/><T9/><D10/><U71/><E71/><V15/><F0/><N who="3" m="75" /><G4/><T46/><D20/><U43/><E30/><V112/><F112/><W22/><G34/><T2/><REACH who="0" step="1"/><D86/><REACH who="0" ten="279,219,147,345" step="2"/><U108/><E108/><V113/><F84/><W19/><G132/><T45/><D45/><U13/><E87/><V32/><F113/><W133/><G133/><T38/><D38/><U26/><E35/><V63/><F32/><W42/><G42/><AGARI ba="0,1" hai="2,7,9,42,46,48,53,54,55,77,78,92,99,101" machi="42" ten="40,1300,0" yaku="1,1,53,0" doraHai="127" doraHaiUra="28" who="0" fromWho="3" sc="279,23,219,0,147,0,345,-13" /><INIT seed="4,0,0,5,3,97" ten="302,219,147,332" oya="0" hai0="72,123,110,23,47,46,19,12,115,59,131,80,31" hai1="132,114,16,84,28,106,3,124,76,52,70,33,103" hai2="105,71,109,0,35,75,45,121,116,134,81,100,135" hai3="89,2,133,60,85,36,68,18,49,29,65,82,62"/><T67/><D123/><U39/><E70/><V102/><F121/><W1/><G29/><T117/><D117/><U38/><E3/><V74/><F0/><W107/><G36/><T127/><D115/><U37/><E132/><N who="2" m="50731" /><F35/><W88/><G133/><T40/><D131/><U77/><E114/><V99/><F71/><W20/><G107/><T104/><D127/><U61/><E124/><V92/><F45/><W111/><G111/><T118/><D110/><U126/><E126/><V26/><F26/><W10/><G60/><T58/><D118/><U43/><E43/><V98/><F109/><W6/><G49/><T87/><D104/><U25/><E84/><V51/><F51/><W125/><G1/><T78/><D72/><N who="2" m="27690" /><F81/><W119/><G125/><T15/><D31/><U41/><E41/><V42/><F42/><W95/><G119/><AGARI ba="0,0" hai="92,98,99,100,102,105,116,119" m="27690,50731" machi="119" ten="40,8000,1" yaku="20,1,34,2,52,2" doraHai="97" who="2" fromWho="3" sc="302,0,219,0,147,80,332,-80" /><INIT seed="5,0,0,3,4,97" ten="302,219,227,252" oya="1" hai0="16,78,43,123,45,79,105,85,23,69,114,14,98" hai1="102,49,33,94,68,121,108,133,88,75,95,32,122" hai2="104,107,26,128,110,72,67,120,24,28,87,42,74" hai3="103,0,41,119,5,57,46,8,86,36,96,48,3"/><U35/><E75/><V82/><F110/><W77/><G119/><T31/><D69/><U62/><E108/><V106/><F120/><W19/><G57/><T58/><D123/><U1/><E1/><V50/><F128/><W76/><G19/><T60/><D114/><U65/><E133/><V30/><F67/><W61/><G61/><T66/><D31/><U112/><E112/><V109/><F109/><W15/><G36/><T134/><D134/><U4/><E4/><V91/><F42/><W59/><G59/><T125/><D125/><U71/><E71/><V117/><F50/><W100/><G77/><T111/><D111/><U132/><E132/><V63/><F63/><W70/><G70/><T64/><D64/><U6/><E6/><V99/><F117/><W93/><REACH who="3" step="1"/><G103/><REACH who="3" ten="302,219,227,242" step="2"/><T118/><D118/><U9/><E9/><V44/><F44/><W27/><G27/><T22/><D78/><U115/><E115/><V101/><F26/><W84/><G84/><T10/><D85/><U90/><E90/><V20/><REACH who="2" step="1"/><F30/><REACH who="2" ten="302,219,217,242" step="2"/><W51/><G51/><T83/><D60/><U47/><E121/><V38/><F38/><W130/><G130/><T25/><D25/><U131/><E122/><V17/><F17/><W55/><G55/><T40/><D16/><U13/><E131/><V18/><F18/><W54/><G54/><T124/><D45/><U21/><E65/><V135/><F135/><W116/><G116/><T39/><D66/><U2/><E62/><V81/><F81/><AGARI ba="0,2" hai="0,3,5,8,15,41,46,48,76,81,86,93,96,100" machi="81" ten="40,8000,1" yaku="1,1,25,2,52,1,53,1" doraHai="97" doraHaiUra="7" who="3" fromWho="2" sc="302,0,219,0,217,-80,242,100" /><INIT seed="6,0,0,3,5,45" ten="302,219,137,342" oya="2" hai0="27,56,58,100,53,127,109,75,63,55,95,39,115" hai1="98,106,62,33,29,131,74,24,13,71,87,38,20" hai2="7,32,105,111,68,135,4,2,66,124,125,72,3" hai3="82,73,67,14,88,60,130,40,81,51,30,112,42"/><V99/><F72/><W101/><G130/><T108/><D75/><U65/><E74/><V46/><F135/><W43/><G73/><T122/><D122/><U113/><E131/><V133/><F133/><W35/><G101/><T69/><D69/><U103/><E113/><V25/><F111/><W117/><G117/><T26/><D39/><U77/><E38/><V83/><F83/><W129/><G129/><T0/><D0/><N who="2" m="42" /><F105/><W52/><G35/><T10/><D115/><U85/><E77/><V110/><F99/><W84/><G112/><T92/><D10/><U17/><AGARI ba="0,0" hai="13,17,20,24,29,33,62,65,71,85,87,98,103,106" machi="17" ten="30,4000,0" yaku="0,1,25,2" doraHai="45" who="1" fromWho="1" sc="302,-10,219,40,137,-20,342,-10" /><INIT seed="7,0,0,4,4,28" ten="292,259,117,332" oya="3" hai0="27,18,64,92,19,0,125,13,95,32,26,110,33" hai1="39,100,93,97,133,16,49,90,102,129,24,130,94" hai2="20,57,117,127,36,6,86,118,34,59,81,10,108" hai3="75,56,22,72,9,91,51,103,66,3,23,98,115"/><W45/><G91/><T46/><D64/><U78/><E39/><V113/><F20/><W50/><G3/><T111/><D125/><U71/><E71/><V30/><F36/><W135/><G9/><T76/><D76/><U41/><E133/><V1/><F10/><W5/><G5/><T55/><D55/><U35/><E78/><V134/><F6/><W58/><G135/><T87/><D87/><U2/><E2/><V70/><F1/><W4/><G4/><T14/><D0/><U52/><E41/><V25/><F134/><W107/><G66/><T15/><D15/><U43/><E43/><V105/><F86/><W112/><G98/><T53/><D53/><U128/><E94/><V82/><F127/><W77/><G77/><T54/><D54/><U63/><E63/><V38/><F38/><W42/><G42/><T44/><AGARI ba="0,0" hai="13,14,18,19,26,27,32,33,44,46,92,95,110,111" machi="44" ten="25,8000,1" yaku="0,1,22,2,52,2" doraHai="28" who="0" fromWho="0" sc="292,80,259,-20,117,-20,332,-40" owari="372,47.0,239,-16.0,97,-40.0,292,9.0" /></mjloggm>