<mjloggm ver="2.3"><GO type="169" lobby="0"/><UN n0="%E3%81%A1%E3%82%83%E3%81%93%E3%81%93" n1="%E4%BA%AC%E9%83%BD%E3%83%9A%E3%83%B3%E3%82%AE%E3%83%B3" n2="%73%62%E7%A5%9E%E5%8C%BB" n3="%E6%A9%8B%E5%A0%B4" dan="16,16,16,17" rate="2120.44,2093.75,2094.20,2109.82" sx="F,M,M,M"/><TAIKYOKU oya="0"/><INIT seed="0,0,0,1,2,127" ten="250,250,250,250" oya="0" hai0="95,39,0,107,1,119,122,43,115,20,75,40,58" hai1="23,105,16,61,60,109,110,111,12,133,44,2,21" hai2="55,81,45,72,27,37,131,94,71,98,8,30,42" hai3="54,34,80,86,89,68,15,84,7,126,129,73,18"/><T116/><D122/><U90/><E2/><V79/><F71/><W82/><G68/><T118/><D107/><U46/><E105/><V14/><F55/><W91/><G126/><T92/><D115/><U51/><E133/><V76/><F76/><W134/><G134/><T121/><D121/><U5/><E5/><V35/><F131/><W25/><G73/><T19/><D75/><U41/><E90/><V4/><F94/><N who="0" m="35882" /><D58/><U70/><E70/><V47/><REACH who="2" step="1"/><F45/><REACH who="2" ten="250,250,240,250" step="2"/><W88/><G129/><T29/><D116/><U112/><E112/><V56/><F56/><W100/><G54/><T93/><D93/><U13/><E44/><V124/><F124/><W123/><G123/><T10/><D118/><U85/><E85/><V26/><F26/><W3/><G100/><T120/><D119/><U69/><E69/><V32/><F32/><W103/><G103/><T11/><D120/><U83/><E83/><V77/><F77/><N who="3" m="46095" /><G34/><T64/><D64/><U28/><E12/><V117/><F117/><W52/><G3/><T74/><D0/><U130/><E130/><V135/><F135/><W87/><G52/><T97/><D1/><U33/><E33/><V24/><F24/><AGARI ba="0,1" hai="13,16,21,23,24,28,41,46,51,60,61,109,110,111" machi="24" ten="40,2600,0" yaku="14,1,54,1" doraHai="127" who="1" fromWho="2" sc="250,0,250,36,240,-26,250,0" /><INIT seed="1,0,0,4,3,3" ten="250,286,214,250" oya="1" hai0="11,65,44,58,131,125,42,57,105,6,112,95,119" hai1="129,29,83,108,8,81,111,43,41,61,70,75,52" hai2="46,121,91,1,7,132,50,133,122,90,80,51,127" hai3="77,84,39,104,79,120,130,17,20,49,15,59,63"/><U55/><E129/><V22/><F127/><W123/><G39/><T26/><D105/><U99/><E29/><V9/><F22/><W102/><G130/><T5/><D119/><U113/><E113/><V10/><F80/><N who="1" m="30793" /><E75/><V32/><F32/><W18/><G84/><T94/><D112/><U25/><E25/><V73/><F73/><W134/><G134/><N who="2" m="51817" /><F10/><W2/><G2/><T110/><D110/><N who="1" m="42027" /><E99/><V35/><F35/><W12/><G77/><T36/><D125/><U82/><N who="1" m="30801" /><U88/><DORA hai="92" /><E88/><N who="2" m="33835" /><F51/><W28/><G79/><T72/><D72/><U89/><E89/><V118/><F118/><W14/><G28/><T116/><D131/><U13/><E70/><V19/><F19/><W34/><G34/><T31/><D116/><U21/><E21/><V53/><AGARI ba="0,0" hai="1,7,9,46,50,53,121,122" m="33835,51817" machi="53" ten="30,4000,0" yaku="20,1,52,1,54,1" doraHai="3,92" who="2" fromWho="2" sc="250,-10,286,-20,214,40,250,-10" /><INIT seed="2,0,0,2,3,22" ten="240,266,254,240" oya="2" hai0="3,19,98,75,131,32,129,91,114,42,82,99,115" hai1="38,130,118,55,25,135,51,26,21,6,113,39,17" hai2="123,104,106,12,95,68,79,73,100,72,92,48,23" hai3="24,122,34,67,85,127,64,27,33,45,2,103,70"/><V1/><F1/><W46/><G2/><T4/><D32/><U112/><E118/><V18/><F68/><W101/><G70/><T56/><D42/><U47/><E130/><N who="0" m="49673" /><D4/><U90/><E135/><V77/><F123/><W116/><G122/><T59/><D3/><U102/><E102/><N who="3" m="38922" /><G85/><N who="0" m="50615" /><D75/><U121/><E6/><V37/><F37/><W117/><G127/><T81/><D81/><U54/><E121/><V28/><F100/><W15/><G15/><T41/><D41/><U87/><E54/><V30/><F48/><W62/><G62/><T128/><D128/><U97/><E97/><N who="0" m="36873" /><D19/><U43/><E38/><V53/><F18/><W71/><G71/><T20/><D20/><U16/><E17/><V36/><F36/><W69/><G69/><T50/><D50/><U35/><E39/><V120/><F23/><W44/><G34/><T86/><D86/><U31/><E43/><V107/><F120/><W94/><G33/><T60/><D56/><U29/><E29/><V13/><F107/><W74/><G74/><T124/><D124/><U52/><E55/><AGARI ba="0,0" hai="12,13,28,30,53,55,72,73,77,79,92,95,104,106" machi="55" ten="25,2400,0" yaku="22,2" doraHai="22" who="2" fromWho="1" sc="240,0,266,-24,254,24,240,0" /><AGARI ba="0,0" hai="55,59,60,114,115" m="36873,50615,49673" machi="55" ten="30,1000,0" yaku="19,1" doraHai="22" who="0" fromWho="1" sc="240,10,242,-10,278,0,240,0" /><INIT seed="2,1,0,5,5,53" ten="250,232,278,240" oya="2" hai0="49,111,22,39,122,116,33,46,34,52,55,78,3" hai1="15,113,130,96,128,126,119,4,123,26,10,20,38" hai2="29,19,28,115,79,57,27,63,114,9,106,117,80" hai3="134,90,25,118,5,11,76,75,37,86,30,102,54"/><V40/><F117/><W21/><G118/><T127/><D122/><U110/><E38/><V94/><F106/><W104/><G37/><T84/><D111/><U105/><E119/><V68/><F68/><W67/><G134/><T2/><D116/><U36/><E36/><V1/><F40/><W101/><G104/><T59/><D39/><U41/><E41/><V112/><F94/><W98/><G67/><T14/><D127/><U12/><E110/><V135/><F135/><W51/><G75/><T93/><D3/><U47/><E47/><V97/><F97/><W73/><G98/><T95/><D2/><U66/><E113/><V82/><F82/><W129/><G76/><T125/><D33/><U42/><E42/><V88/><F1/><W103/><G73/><T131/><D34/><U48/><E126/><V121/><F121/><W50/><G129/><N who="1" m="49770" /><E123/><V87/><F79/><W133/><G133/><T18/><D125/><U70/><E48/><V85/><F85/><W92/><REACH who="3" step="1"/><G54/><REACH who="3" ten="250,232,278,230" step="2"/><T61/><D131/><U107/><E96/><V44/><F114/><W109/><G109/><T100/><D100/><U56/><E107/><V8/><F115/><W64/><G64/><T58/><D46/><U32/><E105/><V77/><F44/><W17/><G17/><T91/><D78/><U0/><E70/><V71/><F71/><W24/><G24/><T120/><D120/><U7/><E7/><V89/><F112/><W99/><G99/><T43/><D43/><U81/><E4/><V35/><F19/><W23/><G23/><T65/><D65/><U16/><E66/><RYUUKYOKU ba="1,1" sc="250,15,232,-15,278,-15,230,15" hai0="14,18,22,49,52,55,58,59,61,84,91,93,95" hai3="5,11,21,25,30,50,51,86,90,92,101,102,103" /><INIT seed="3,2,1,4,0,60" ten="265,217,263,245" oya="3" hai0="132,15,61,86,81,59,122,96,110,93,42,68,70" hai1="54,52,58,105,97,120,35,124,1,30,48,92,76" hai2="69,27,57,67,18,12,71,22,44,79,102,41,6" hai3="33,99,128,2,121,98,26,80,63,87,101,130,118"/><W13/><G2/><T134/><D122/><U90/><E120/><V127/><F102/><W84/><G121/><T37/><D37/><U107/><E1/><V62/><F127/><W31/><G118/><T39/><D39/><U23/><E124/><V56/><F79/><W7/><G63/><T9/><D42/><U38/><E38/><V74/><F74/><W0/><G0/><T129/><D110/><U34/><E76/><V10/><REACH who="2" step="1"/><F71/><REACH who="2" ten="265,217,253,245" step="2"/><W50/><G101/><T126/><D68/><U111/><E107/><V85/><F85/><W73/><G73/><T109/><D70/><U3/><E105/><V100/><F100/><W117/><G117/><T104/><D126/><U14/><E111/><V131/><F131/><N who="3" m="50219" /><G84/><T4/><D129/><U46/><E3/><V88/><F88/><N who="3" m="51303" /><G50/><AGARI ba="2,2" hai="6,10,12,18,22,27,41,44,50,56,57,62,67,69" machi="50" ten="30,3900,0" yaku="1,1,7,1,52,1,53,0" doraHai="60" doraHaiUra="135" who="2" fromWho="3" sc="265,0,217,0,253,65,245,-45" /><INIT seed="4,0,0,4,3,129" ten="265,217,318,200" oya="0" hai0="6,52,106,128,73,50,44,72,89,22,92,130,77" hai1="18,115,99,59,46,11,85,78,28,96,81,124,40" hai2="109,39,87,1,55,104,86,102,24,60,105,98,31" hai3="26,13,64,63,61,101,80,3,135,38,34,47,68"/><T114/><D106/><U90/><E124/><V131/><F109/><W25/><G3/><T95/><D114/><U97/><E115/><V66/><F131/><N who="0" m="50218" /><D77/><U33/><E33/><N who="2" m="20711" /><F39/><W74/><G101/><T9/><D22/><U45/><E28/><V20/><F20/><W94/><G34/><T118/><D118/><U75/><E40/><V0/><F55/><W111/><G111/><T71/><D71/><U7/><E59/><V36/><F36/><W125/><G125/><T17/><D17/><U76/><E18/><V84/><F105/><W83/><G74/><N who="0" m="28779" /><D89/><U132/><E76/><V82/><F82/><W29/><G29/><T93/><D93/><U122/><E78/><V134/><F134/><W58/><G94/><T121/><D121/><U41/><E122/><V49/><F49/><W119/><G119/><T51/><D51/><U15/><E75/><V8/><F8/><W100/><G135/><T67/><D67/><U120/><E120/><V19/><F19/><W54/><G100/><T42/><D42/><U116/><E116/><V88/><F88/><W48/><G38/><T108/><D108/><U35/><E35/><V110/><F110/><W127/><G127/><T133/><D133/><U103/><E132/><V27/><F27/><W91/><G91/><T123/><D123/><U12/><E41/><V56/><F104/><W117/><G117/><T62/><D62/><U2/><E103/><V43/><F43/><N who="3" m="24703" /><G25/><T79/><D79/><U65/><E65/><V23/><F23/><W21/><G26/><T69/><D69/><U70/><E70/><V112/><F112/><RYUUKYOKU ba="0,0" sc="265,0,217,0,318,0,200,0" hai0="6,9,44,50,52,92,95" hai1="2,7,11,12,15,45,46,81,85,90,96,97,99" hai2="0,1,56,60,66,84,86,87,98,102" hai3="13,21,54,58,61,63,64,68,80,83" /><INIT seed="4,1,0,0,4,96" ten="265,217,318,200" oya="0" hai0="120,43,19,113,82,97,72,114,105,98,110,89,59" hai1="134,49,18,29,44,99,1,26,104,0,52,107,129" hai2="7,83,127,54,118,73,95,31,17,46,133,109,87" hai3="91,116,53,57,76,132,2,117,92,15,32,124,13"/><T9/><D120/><U16/><E134/><V11/><F109/><W68/><G2/><T86/><D43/><U50/><E129/><V60/><F133/><W101/><G132/><T56/><D110/><U25/><E99/><V81/><F73/><W48/><G32/><T77/><D97/><U5/><E5/><V79/><F127/><W88/><G68/><T84/><D9/><U74/><E29/><V27/><F118/><W126/><G76/><T103/><D19/><U4/><E4/><V10/><F83/><W14/><G101/><T94/><REACH who="0" step="1"/><D84/><REACH who="0" ten="255,217,318,200" step="2"/><U55/><E44/><V125/><F17/><W70/><G116/><T45/><D45/><U78/><E74/><V37/><F125/><W106/><G117/><T47/><D47/><U12/><E12/><V102/><F46/><W75/><G75/><T119/><D119/><U131/><E131/><V69/><F11/><W8/><G124/><T123/><D123/><U39/><E39/><V111/><F37/><W36/><G36/><T3/><D3/><U21/><E21/><V6/><F111/><W42/><G126/><T20/><D20/><U40/><REACH who="1" step="1"/><E78/><REACH who="1" ten="255,207,318,200" step="2"/><V23/><F10/><W66/><G8/><T61/><D61/><U34/><E34/><V30/><F23/><W64/><G14/><T51/><D51/><U121/><E121/><V115/><F6/><W85/><G15/><T22/><D22/><U71/><E71/><V41/><F7/><W24/><G13/><T93/><D93/><U35/><E35/><V108/><F69/><W67/><G70/><T33/><D33/><U80/><E80/><RYUUKYOKU ba="1,2" sc="255,15,207,15,318,-15,200,-15" hai0="56,59,72,77,82,86,89,94,98,103,105,113,114" hai1="0,1,16,18,25,26,40,49,50,52,55,104,107" /><INIT seed="4,2,2,0,0,8" ten="270,222,303,185" oya="0" hai0="106,29,105,62,40,77,122,76,13,45,48,94,6" hai1="96,118,93,52,43,78,41,49,30,58,70,91,46" hai2="27,124,95,99,26,132,11,84,22,65,55,134,121" hai3="98,80,0,90,20,113,10,37,19,116,2,56,125"/><T87/><D122/><U35/><E118/><V92/><F121/><W17/><G116/><T131/><D131/><U25/><E70/><V72/><F72/><W21/><G37/><T86/><D29/><U120/><E120/><V42/><F124/><W4/><G125/><T24/><D24/><U67/><E78/><N who="0" m="30313" /><D105/><U119/><E119/><V114/><F114/><W61/><G113/><T59/><D106/><U108/><E108/><V111/><F111/><W109/><G109/><T44/><D44/><U85/><E85/><V130/><F130/><W117/><G2/><T5/><D94/><U34/><E34/><V50/><F42/><W12/><G117/><T3/><D3/><U112/><E112/><V81/><F65/><W16/><G0/><T38/><D38/><U75/><E75/><V9/><F27/><W133/><G133/><N who="2" m="51305" /><F95/><N who="3" m="56695" /><G80/><T126/><D126/><U36/><E41/><V60/><F60/><W66/><AGARI ba="2,2" hai="4,10,12,16,17,19,20,21,56,61,66" m="56695" machi="66" ten="30,4000,0" yaku="8,1,52,1,54,1" doraHai="8" who="3" fromWho="3" sc="270,-22,222,-12,303,-12,185,66" /><INIT seed="5,0,0,3,1,77" ten="248,210,291,251" oya="1" hai0="69,65,0,83,125,129,75,118,25,30,5,9,61" hai1="110,45,126,28,127,131,34,17,99,36,85,27,93" hai2="24,3,8,33,97,51,115,11,104,107,20,80,32" hai3="98,37,128,67,78,130,16,113,29,124,39,79,121"/><U73/><E73/><V111/><F111/><W35/><G121/><T7/><D118/><U6/><E110/><V41/><F115/><W112/><G124/><N who="1" m="47658" /><E6/><V53/><F41/><W82/><G67/><T117/><D117/><U116/><E116/><V26/><F3/><W19/><G29/><T87/><D125/><U52/><E131/><N who="3" m="50218" /><G98/><T123/><D7/><U47/><E36/><N who="3" m="13898" /><G78/><T120/><D129/><U100/><E17/><N who="3" m="6730" /><G35/><N who="0" m="20943" /><D87/><AGARI ba="0,0" hai="79,82,87,112,113" m="6730,13898,50218" machi="87" ten="40,5200,0" yaku="19,1,52,1,54,1" doraHai="77" who="3" fromWho="0" sc="248,-52,210,0,291,0,251,52" /><INIT seed="6,0,0,3,3,76" ten="196,210,291,303" oya="2" hai0="113,48,23,45,39,16,100,117,37,31,108,89,79" hai1="54,11,46,129,112,103,118,63,135,50,68,28,5" hai2="114,121,83,106,111,115,116,43,99,80,4,110,30" hai3="92,126,51,40,35,26,24,38,6,52,22,94,70"/><V104/><F43/><W102/><G70/><T69/><D108/><N who="2" m="41514" /><F30/><W65/><G126/><T25/><D113/><N who="2" m="43018" /><F4/><W109/><G65/><T81/><D117/><U47/><E118/><V124/><F116/><W10/><G109/><T59/><D69/><U78/><E112/><V95/><F124/><W73/><G73/><T119/><D89/><U29/><E129/><V36/><F36/><W93/><G35/><T21/><D119/><U18/><E135/><V101/><F121/><W87/><G38/><T58/><D100/><U33/><E103/><V130/><F130/><W98/><G87/><N who="0" m="48575" /><D39/><U14/><E33/><V19/><F19/><W62/><G40/><N who="0" m="24615" /><D37/><U64/><E5/><V122/><F122/><W131/><G131/><T96/><D96/><U107/><E107/><AGARI ba="0,0" hai="80,83,95,99,101,104,106,107" m="43018,41514" machi="107" ten="40,18000,2" yaku="10,1,15,1,34,2,52,2" doraHai="76" who="2" fromWho="1" sc="196,0,210,-180,291,180,303,0" /><INIT seed="6,1,0,0,5,101" ten="196,30,471,303" oya="2" hai0="23,125,85,29,115,40,129,119,15,86,11,87,12" hai1="107,43,105,82,70,110,36,122,75,112,95,83,26" hai2="135,62,92,51,116,53,9,57,17,60,34,88,47" hai3="114,66,8,42,120,132,38,45,6,31,109,97,37"/><V98/><F116/><W33/><G109/><T24/><D115/><U73/><E110/><V79/><F34/><W72/><G120/><T16/><D119/><U106/><E70/><V117/><F117/><W2/><G114/><T35/><D129/><U13/><E112/><V127/><F127/><W102/><G132/><T20/><D125/><U90/><E43/><V71/><F71/><W84/><G84/><T99/><D99/><U68/><E68/><V25/><F135/><W81/><G66/><T22/><D40/><U48/><E48/><N who="2" m="30887" /><F79/><N who="3" m="44263" /><G45/><T32/><REACH who="0" step="1"/><D35/><REACH who="0" ten="186,30,471,303" step="2"/><U59/><E122/><V44/><F98/><W94/><G42/><T30/><D30/><U134/><E134/><V56/><F47/><W93/><G31/><T14/><AGARI ba="1,1" hai="11,12,14,15,16,20,22,23,24,29,32,85,86,87" machi="14" ten="40,8000,1" yaku="1,1,0,1,54,1,53,1" doraHai="101" doraHaiUra="5" who="0" fromWho="0" sc="186,93,30,-21,471,-41,303,-21" /><INIT seed="7,0,0,3,0,33" ten="279,9,430,282" oya="3" hai0="86,51,57,111,118,73,62,58,95,29,67,94,24" hai1="63,31,4,114,25,122,47,117,127,65,54,132,128" hai2="126,98,40,60,50,125,39,90,10,8,68,135,3" hai3="112,7,85,52,2,121,56,14,123,45,46,20,70"/><W124/><G70/><T0/><D0/><U129/><E4/><V130/><F135/><W66/><G66/><T119/><D111/><U71/><E25/><V106/><F130/><W131/><G131/><T103/><D73/><U32/><E31/><V89/><F39/><W115/><G124/><N who="2" m="47721" /><F106/><W19/><G85/><T15/><D15/><U13/><E13/><V83/><F83/><W105/><G105/><T42/><D86/><U96/><E96/><V110/><F110/><W44/><G121/><T97/><D94/><U99/><E99/><V43/><F68/><W134/><G134/><T81/><D81/><U102/><E47/><N who="2" m="25959" /><F43/><W6/><G123/><T72/><D72/><U16/><E102/><V75/><F75/><W87/><G87/><T28/><D28/><U133/><E63/><V49/><F60/><W17/><G17/><T120/><D120/><U91/><E54/><V78/><F78/><W41/><G41/><T116/><D42/><U80/><E16/><V79/><F79/><W38/><G38/><T53/><D119/><U11/><E80/><V9/><F49/><N who="3" m="30735" /><G2/><T59/><D59/><U55/><E128/><V22/><F3/><W74/><G74/><T82/><D82/><U109/><E65/><V27/><F98/><W100/><G100/><T30/><D30/><AGARI ba="0,0" hai="8,9,10,22,27,30,89,90" m="25959,47721" machi="30" ten="30,1000,0" yaku="18,1" doraHai="33" who="2" fromWho="0" sc="279,-10,9,0,430,10,282,0" owari="269,-13.0,9,-49.0,440,54.0,282,8.0" /></mjloggm>