<mjloggm ver="2.3"><GO type="185" lobby="0"/><UN n0="%4B%69%72%63%68%65" n1="%E5%8C%97%E5%B2%A1%E3%81%BE%E3%81%A4%E3%81%9F%E3%81%91" n2="%E6%9C%9D%E7%AB%8B%E3%81%A1%E5%93%B2%E4%B9%9F" n3="" dan="17,16,16,0" rate="2271.21,2252.36,2188.68,1500.00" sx="M,F,M,C"/><TAIKYOKU oya="0"/><INIT seed="0,0,0,0,1,1" ten="350,350,350,0" oya="0" hai0="126,46,102,83,132,58,110,129,82,130,90,76,100" hai1="60,50,101,75,32,113,47,133,88,0,41,127,43" hai2="109,66,69,44,103,95,49,104,81,80,73,112,115" hai3=""/><T52/><D126/><U51/><E0/><V121/><F109/><T105/><D132/><U128/><E127/><V118/><F104/><T72/><D46/><U55/><E133/><V134/><F134/><T117/><D117/><U74/><E32/><V59/><F69/><T67/><D67/><U87/><E113/><V40/><F118/><T68/><D68/><U37/><E101/><V36/><N who="2" m="31008" /><V114/><F73/><T48/><D110/><U135/><E135/><V98/><REACH who="2" step="1"/><F49/><REACH who="2" ten="350,350,340,0" step="2"/><T71/><D71/><U92/><E51/><V120/><N who="2" m="30752" /><V108/><F108/><T99/><REACH who="0" step="1"/><D102/><REACH who="0" ten="340,350,340,0" step="2"/><U45/><E37/><V119/><F119/><T33/><D33/><U131/><E128/><V123/><N who="2" m="31520" /><V77/><F77/><T65/><D65/><U61/><E131/><V97/><F97/><T42/><D42/><U89/><E41/><V64/><F64/><T39/><D39/><U38/><E38/><V70/><F70/><T56/><D56/><U78/><E43/><V79/><F79/><T91/><D91/><U86/><E78/><V54/><F54/><T2/><D2/><U111/><E55/><V96/><F96/><T107/><D107/><U62/><E111/><V125/><F125/><T85/><AGARI ba="0,2" hai="48,52,58,72,76,82,83,85,90,99,100,105,129,130" machi="85" ten="30,7800,0" yaku="1,1,5,1,0,1,54,1,53,0" doraHai="1" doraHaiUra="116" who="0" fromWho="0" sc="340,98,350,-39,340,-39,0,0" /><INIT seed="0,1,0,1,4,78" ten="438,311,301,0" oya="0" hai0="109,56,124,60,34,0,94,106,66,117,127,1,89" hai1="132,110,3,37,135,122,100,101,119,87,76,133,118" hai2="49,129,84,85,33,81,91,130,40,39,90,125,69" hai3=""/><T131/><D117/><N who="1" m="44555" /><E3/><V103/><F125/><T42/><D34/><U93/><N who="1" m="31264" /><U75/><E37/><V102/><F69/><T126/><D106/><U36/><E36/><V111/><F111/><T70/><D109/><U74/><E110/><V52/><F33/><T51/><D131/><N who="2" m="50186" /><F40/><T67/><D67/><U83/><E93/><V99/><F99/><T123/><N who="0" m="31520" /><T116/><D116/><U82/><E74/><V80/><F39/><T63/><D63/><U112/><E112/><V96/><F96/><T57/><D42/><U104/><E104/><V59/><AGARI ba="1,0" hai="49,52,59,80,81,84,85,90,91,102,103" m="50186" machi="59" ten="30,5900,0" yaku="19,1,52,2,54,1" doraHai="78" who="2" fromWho="2" sc="438,-40,311,-21,301,61,0,0" /><INIT seed="1,0,0,5,3,87" ten="398,290,362,0" oya="1" hai0="60,79,66,51,123,35,2,72,71,49,135,73,65" hai1="106,62,126,43,44,122,45,78,70,131,124,109,105" hai2="61,115,91,36,128,111,98,80,112,57,34,116,48" hai3=""/><U125/><N who="1" m="31264" /><U86/><E131/><V68/><F116/><T75/><N who="0" m="31520" /><T55/><D2/><U134/><E134/><V52/><F128/><T90/><D135/><U0/><E0/><V132/><F34/><T83/><D35/><U117/><E117/><V107/><F132/><T56/><D66/><U39/><E109/><V92/><F111/><T130/><D130/><U32/><E32/><V113/><F36/><T59/><D90/><U118/><E118/><V101/><F80/><T76/><D76/><U77/><E44/><V53/><F68/><T97/><D97/><U81/><REACH who="1" step="1"/><E78/><REACH who="1" ten="398,280,362,0" step="2"/><V133/><F133/><T108/><D108/><U58/><E58/><V129/><F129/><T88/><D59/><U119/><E119/><V93/><F115/><T41/><D79/><U127/><N who="1" m="31744" /><DORA hai="120" /><U94/><E94/><V74/><F93/><T50/><D71/><U103/><E103/><V82/><F113/><T38/><D56/><U96/><E96/><V110/><F112/><T84/><D41/><U3/><E3/><V46/><F110/><T104/><D104/><U89/><E89/><V100/><F107/><T54/><D88/><U64/><AGARI ba="0,1" hai="39,43,45,62,64,70,77,81,86,105,106" m="31744,31264" machi="64" ten="60,12000,2" yaku="1,1,0,1,18,1,52,1,53,3" doraHai="87,120" doraHaiUra="69,102" who="1" fromWho="1" sc="398,-60,280,130,362,-60,0,0" /><INIT seed="1,1,0,3,5,86" ten="338,410,302,0" oya="1" hai0="133,93,3,49,68,113,117,115,59,96,134,106,105" hai1="40,91,100,99,120,66,101,43,39,1,37,48,75" hai2="111,135,69,92,47,109,32,129,34,89,118,94,55" hai3=""/><U60/><N who="1" m="30752" /><U125/><E1/><V97/><F118/><T130/><D68/><U80/><E125/><V36/><F69/><T123/><N who="0" m="31520" /><T77/><D3/><U74/><E48/><V122/><N who="2" m="31264" /><V121/><N who="2" m="31008" /><V104/><F104/><T70/><D70/><U53/><E53/><V58/><F129/><T102/><D130/><U131/><E131/><V79/><F79/><T103/><D117/><U38/><E100/><V51/><F135/><T64/><D64/><U124/><E124/><V88/><F36/><T72/><D59/><U33/><E33/><V50/><F34/><T127/><D49/><U45/><E43/><V81/><F81/><T108/><D127/><U2/><E2/><V132/><F132/><T126/><D126/><U76/><E74/><V41/><REACH who="2" step="1"/><F32/><REACH who="2" ten="338,410,292,0" step="2"/><T71/><D133/><U98/><E37/><V63/><F63/><T110/><D134/><U114/><E38/><V44/><F44/><T54/><D71/><U62/><E39/><V0/><F0/><T84/><D77/><U119/><E76/><V82/><F82/><T112/><D112/><U73/><E80/><V46/><F46/><T90/><D113/><U87/><E114/><V61/><F61/><T57/><D115/><RYUUKYOKU ba="1,1" sc="338,-10,410,-10,292,20,0,0" hai2="41,47,50,51,55,58,88,89,92,94,97,109,111" /><INIT seed="2,2,1,3,1,69" ten="328,400,312,0" oya="2" hai0="116,131,47,135,38,77,3,97,128,87,108,76,68" hai1="70,34,46,94,119,90,99,118,100,54,61,126,120" hai2="83,112,40,95,35,42,82,37,129,106,130,53,92" hai3=""/><V57/><F35/><T115/><D3/><U62/><N who="1" m="30752" /><U93/><E34/><V109/><F106/><T91/><D116/><N who="1" m="44587" /><E126/><V59/><F53/><T102/><D68/><U84/><E70/><V67/><F67/><T110/><D115/><U44/><E54/><V121/><N who="2" m="31008" /><V101/><F101/><T63/><D63/><AGARI ba="2,1" hai="44,46,61,62,63,84,90,93,94,99,100" m="44587,30752" machi="63" ten="30,2000,0" yaku="12,1,52,1" doraHai="69" who="1" fromWho="0" sc="328,-24,400,34,312,0,0,0" /><INIT seed="4,0,0,3,1,66" ten="304,434,312,0" oya="0" hai0="103,88,61,118,43,58,50,121,92,102,125,62,87" hai1="65,130,56,72,126,44,116,108,115,106,34,74,134" hai2="47,80,57,54,105,63,46,97,117,45,107,41,119" hai3=""/><T38/><N who="0" m="31008" /><T123/><N who="0" m="31520" /><T32/><D32/><U91/><E91/><V48/><F80/><T52/><D118/><N who="2" m="45066" /><F97/><T78/><D125/><U129/><E65/><V122/><N who="2" m="31264" /><V51/><F47/><T3/><D3/><U96/><E96/><V120/><N who="2" m="30752" /><V60/><F60/><T111/><D111/><U64/><E34/><V127/><F127/><T104/><D78/><U84/><E116/><V71/><F71/><T81/><D104/><U40/><E106/><V83/><F83/><T69/><D69/><U110/><E126/><V112/><F112/><T132/><D132/><U82/><E115/><V133/><F133/><T2/><D2/><U33/><E33/><V67/><AGARI ba="0,0" hai="41,45,46,48,51,54,57,63,67,105,107" m="30752,31264,45066" machi="67" ten="30,3000,0" yaku="12,1,52,2" doraHai="66" who="2" fromWho="2" sc="304,-20,434,-10,312,30,0,0" /><INIT seed="5,0,0,4,3,56" ten="284,424,342,0" oya="1" hai0="106,90,0,69,120,127,118,70,85,79,88,61,114" hai1="46,51,74,110,62,32,125,83,89,103,107,105,104" hai2="113,71,81,49,109,37,45,76,135,1,41,47,94" hai3=""/><U44/><E32/><V63/><F109/><T36/><N who="0" m="30752" /><T73/><D0/><U96/><E110/><V64/><F1/><T52/><D114/><U40/><E125/><V65/><F113/><T92/><D36/><U121/><N who="1" m="31008" /><U60/><E74/><V3/><F3/><T133/><D127/><U117/><E117/><V54/><F135/><T35/><D35/><U82/><E82/><V128/><F128/><T38/><D38/><U84/><REACH who="1" step="1"/><E44/><REACH who="1" ten="284,414,342,0" step="2"/><V58/><F81/><T102/><D118/><U124/><E124/><V122/><N who="2" m="31264" /><V131/><F131/><T48/><D133/><U34/><E34/><V126/><F126/><T33/><D33/><U75/><E75/><V42/><F94/><AGARI ba="0,1" hai="40,46,51,60,62,83,84,89,94,96,103,104,105,107" m="31008" machi="94" ten="40,12000,1" yaku="1,1,52,3,53,0" doraHai="56" doraHaiUra="68" who="1" fromWho="2" sc="284,0,414,130,342,-120,0,0" /><INIT seed="5,1,0,0,4,99" ten="284,544,222,0" oya="1" hai0="88,48,81,53,67,45,54,50,107,86,126,121,64" hai1="125,39,63,61,2,97,77,108,74,51,75,38,60" hai2="114,40,134,129,98,57,130,124,65,76,100,101,131" hai3=""/><U35/><E2/><V94/><F40/><T3/><N who="0" m="31008" /><T93/><D107/><U66/><E35/><V44/><F44/><T56/><D3/><U70/><E108/><V47/><F47/><T118/><D118/><U95/><E125/><V41/><F41/><T128/><D126/><U37/><E77/><V120/><N who="2" m="30752" /><V122/><N who="2" m="31264" /><V43/><F43/><T78/><REACH who="0" step="1"/><D128/><REACH who="0" ten="274,544,222,0" step="2"/><U34/><E34/><V36/><F124/><T52/><D52/><U102/><E66/><V68/><F130/><T103/><D103/><U119/><E119/><V33/><F33/><T123/><N who="0" m="31520" /><T84/><AGARI ba="1,1" hai="45,48,50,53,54,56,64,67,78,81,84,86,88,93" m="31520,31008" machi="84" ten="20,12000,3" yaku="1,1,4,1,0,1,7,1,8,1,52,2,54,1,53,0" doraHai="99" doraHaiUra="115" who="0" fromWho="0" sc="274,132,544,-81,222,-41,0,0" /><INIT seed="6,0,0,2,5,106" ten="406,463,181,0" oya="2" hai0="108,84,85,126,37,134,71,93,35,114,47,73,76" hai1="97,92,1,132,61,79,99,81,122,0,115,66,68" hai2="117,90,77,125,56,2,102,42,130,89,67,95,55" hai3=""/><V103/><F2/><T64/><D35/><U43/><N who="1" m="31264" /><U74/><E74/><V51/><F117/><T80/><D108/><U53/><E132/><V3/><F3/><T62/><D134/><U100/><E115/><V118/><F118/><T105/><D105/><U96/><E43/><V127/><F130/><T38/><D114/><U109/><E109/><V129/><F129/><T112/><D112/><U111/><E111/><V113/><F113/><T120/><N who="0" m="30752" /><T57/><D126/><N who="2" m="48138" /><F77/><T110/><D110/><U83/><E0/><V121/><N who="2" m="31008" /><V116/><F116/><T50/><D71/><U52/><E1/><V87/><F67/><T123/><N who="0" m="31520" /><T63/><D63/><U32/><E32/><V54/><F42/><T88/><D73/><U41/><E68/><V86/><F55/><AGARI ba="0,0" hai="37,38,47,50,55,57,62,64,76,80,84,85,88,93" m="31520,30752" machi="55" ten="30,7700,0" yaku="7,1,52,2,54,1" doraHai="106" who="0" fromWho="2" sc="406,77,463,0,181,-77,0,0" owari="483,44.0,463,6.0,104,-50.0,0,0.0" /></mjloggm>