<mjloggm ver="2.3"><GO type="169" lobby="0"/><UN n0="%E3%81%92%E3%81%A3%E3%81%A1" n1="%7A%6B%75%72%74" n2="%EF%BC%8A%EF%BC%8A%E8%8D%92%E5%B7%9D%E6%86%A9%EF%BC%8A%EF%BC%8A" n3="%E6%B0%B4%E5%93%89%E3%81%AE%E3%83%AC%E3%82%B8%E3%82%A7%E3%83%B3%E3%83%89" dan="16,16,17,16" rate="2132.01,2164.05,2131.29,2157.79" sx="M,M,M,M"/><TAIKYOKU oya="0"/><INIT seed="0,0,0,4,3,17" ten="250,250,250,250" oya="0" hai0="53,97,95,8,25,82,130,117,87,98,125,109,88" hai1="62,29,105,74,86,57,122,32,96,103,2,89,38" hai2="12,40,45,128,75,39,127,107,67,78,23,100,34" hai3="92,15,83,30,4,9,113,51,42,31,46,37,55"/><T70/><D117/><U104/><E122/><V60/><F128/><W81/><G113/><T18/><D130/><U115/><E38/><V120/><F120/><W52/><G92/><T101/><D125/><U28/><E2/><V26/><F127/><W72/><G55/><T41/><D109/><U126/><E126/><V21/><F78/><W56/><REACH who="3" step="1"/><G72/><REACH who="3" ten="250,250,250,240" step="2"/><T111/><D111/><U44/><E115/><V11/><F75/><W71/><G71/><T6/><D70/><U20/><E74/><V77/><F107/><W119/><G119/><T80/><D53/><U27/><E105/><V43/><F43/><W48/><G48/><T65/><D41/><U68/><E68/><V50/><F50/><W58/><G58/><T91/><D65/><U116/><E116/><V85/><F67/><W66/><G66/><T69/><D69/><U118/><E118/><V134/><F40/><W13/><G13/><T121/><D121/><U76/><E44/><V123/><F12/><W102/><G102/><T129/><D129/><U110/><E110/><V99/><F45/><W114/><G114/><T35/><D101/><U131/><E131/><V132/><F100/><W90/><G90/><T64/><D64/><U106/><E106/><V84/><F123/><W24/><G24/><T0/><D95/><U54/><E89/><V3/><F26/><W22/><G22/><N who="0" m="13527" /><D35/><U14/><E14/><V47/><F34/><W16/><G16/><T63/><D63/><U93/><E32/><V133/><F60/><W112/><G112/><T79/><D91/><N who="1" m="53495" /><E76/><V73/><F77/><W5/><G5/><RYUUKYOKU ba="0,1" sc="250,10,250,10,250,-30,240,10" hai0="0,6,8,79,80,82,87,88,97,98" hai1="20,27,28,29,54,57,62,96,103,104" hai3="4,9,15,30,31,37,42,46,51,52,56,81,83" /><INIT seed="0,1,1,1,1,134" ten="260,260,220,250" oya="0" hai0="3,18,19,56,50,75,22,82,80,115,93,106,123" hai1="104,122,33,92,26,133,99,128,112,0,90,28,2" hai2="17,103,9,86,120,25,7,20,6,78,60,74,94" hai3="54,119,59,27,65,43,1,96,4,109,130,87,85"/><T49/><D106/><U52/><E122/><V31/><F120/><W127/><G119/><T8/><D123/><U58/><E133/><V44/><F74/><W83/><G109/><T32/><D32/><U79/><E128/><V110/><F110/><W89/><G130/><T62/><D115/><U15/><E112/><V40/><F60/><W23/><G43/><T117/><D117/><U76/><E104/><V72/><F72/><W67/><G1/><T88/><D3/><U36/><E36/><V63/><F63/><W95/><G4/><T12/><D75/><U35/><E35/><V101/><F31/><W42/><G42/><T105/><D105/><U16/><E0/><V118/><F6/><W39/><G39/><T37/><D37/><U71/><E2/><V38/><F118/><W84/><G127/><T107/><D107/><U69/><E69/><V45/><F45/><W81/><G81/><N who="0" m="31339" /><D19/><U113/><E71/><V11/><F78/><W70/><G70/><T41/><D8/><U55/><E113/><V47/><F11/><W91/><G67/><N who="0" m="39367" /><D41/><U135/><E135/><V21/><F9/><W116/><G65/><T114/><D114/><U13/><E55/><V14/><F7/><W126/><G116/><T57/><D57/><U29/><E29/><N who="2" m="17575" /><F40/><W125/><G125/><T102/><D102/><N who="2" m="38922" /><F38/><W30/><G126/><T77/><D77/><N who="1" m="29771" /><E16/><V131/><F131/><W121/><G121/><T98/><AGARI ba="1,1" hai="12,18,22,49,50,88,93,98" m="39367,31339" machi="98" ten="30,3000,0" yaku="8,1,54,1" doraHai="134" who="0" fromWho="0" sc="260,43,260,-11,220,-11,250,-11" /><INIT seed="0,2,0,0,4,68" ten="303,249,209,239" oya="0" hai0="52,123,120,70,132,126,112,19,54,86,99,42,29" hai1="114,72,23,130,85,36,59,26,104,13,95,122,53" hai2="117,56,127,8,9,102,65,12,90,80,76,121,89" hai3="133,107,46,25,57,116,118,66,34,77,131,43,41"/><T15/><D112/><U0/><E122/><V37/><F121/><W63/><G131/><T22/><D70/><U92/><E0/><V87/><F127/><W71/><G133/><T103/><D126/><U3/><E3/><V21/><F117/><W47/><G77/><T124/><D124/><U134/><E104/><V67/><F37/><N who="3" m="21807" /><G25/><T78/><D132/><U91/><E72/><V28/><F102/><W14/><G14/><T6/><D42/><U74/><E74/><V1/><F1/><W109/><G34/><T20/><D6/><U94/><E134/><V49/><F8/><W55/><G107/><T38/><D38/><U39/><E130/><V106/><F106/><W5/><G5/><T17/><D29/><U50/><E114/><V101/><F101/><W48/><G109/><T119/><D119/><U129/><E129/><V60/><F67/><W73/><G73/><T82/><D123/><U7/><E7/><N who="2" m="3135" /><F49/><AGARI ba="2,0" hai="43,47,48,49,55,57,63,66,71,116,118" m="21807" machi="49" ten="30,7700,0" yaku="24,1,34,2,52,1" doraHai="68" who="3" fromWho="2" sc="303,0,249,0,209,-83,239,83" /><INIT seed="1,0,0,3,0,100" ten="303,249,126,322" oya="1" hai0="119,40,52,88,61,31,120,84,105,104,111,19,58" hai1="17,73,90,101,51,131,53,72,78,74,26,123,107" hai2="82,67,133,41,34,25,91,5,8,97,70,13,35" hai3="125,94,24,75,110,126,21,80,4,3,92,108,49"/><U121/><E131/><V122/><F122/><W28/><G49/><T76/><D120/><U77/><E90/><V117/><F117/><W79/><G3/><T47/><D119/><U106/><E123/><V71/><F133/><W44/><G4/><T128/><D128/><U9/><E121/><V50/><F67/><W30/><G30/><T112/><D112/><U23/><E9/><V69/><F25/><W56/><G44/><T12/><D76/><U14/><E101/><V116/><F116/><W43/><G43/><T60/><D60/><U135/><E135/><V95/><REACH who="2" step="1"/><F82/><REACH who="2" ten="303,249,116,322" step="2"/><W124/><REACH who="3" step="1"/><G56/><REACH who="3" ten="303,249,116,312" step="2"/><T62/><D58/><U81/><E26/><V45/><AGARI ba="0,2" hai="5,8,13,34,35,41,45,50,69,70,71,91,95,97" machi="45" ten="40,12000,2" yaku="1,1,2,1,0,1,53,3" doraHai="100" doraHaiUra="66" who="2" fromWho="2" sc="303,-30,249,-60,116,140,312,-30" /><INIT seed="2,0,0,1,0,50" ten="273,189,256,282" oya="2" hai0="29,27,7,86,77,19,127,21,51,83,105,133,8" hai1="17,61,101,99,117,28,0,116,2,119,63,68,41" hai2="3,20,110,115,52,35,94,14,98,88,22,97,126" hai3="122,26,60,65,4,128,114,112,34,44,95,32,121"/><V16/><F115/><N who="3" m="44075" /><G128/><T113/><D113/><U55/><E41/><V134/><F35/><N who="3" m="13355" /><G4/><T49/><D133/><U82/><E28/><V81/><F134/><W96/><G26/><T87/><D105/><U93/><E82/><V25/><F126/><W66/><G44/><T59/><D29/><U6/><E6/><V56/><F3/><W103/><G66/><T84/><D127/><U79/><E79/><V48/><F110/><W85/><G85/><T11/><D11/><U130/><E130/><V23/><F81/><W123/><G123/><T135/><D135/><U125/><E125/><V31/><F22/><W5/><G5/><T42/><D49/><U40/><E40/><V89/><F98/><W38/><G38/><T10/><D10/><U74/><E74/><V33/><F33/><W57/><AGARI ba="0,0" hai="57,60,65,95,96,103,121,122" m="13355,44075" machi="57" ten="30,1100,0" yaku="11,1" doraHai="50" who="3" fromWho="3" sc="273,-3,189,-3,256,-5,282,11" /><INIT seed="3,0,0,4,4,28" ten="270,186,251,293" oya="3" hai0="122,106,21,17,129,9,14,128,47,50,95,23,85" hai1="51,33,58,65,19,132,7,96,134,87,81,90,130" hai2="11,116,73,62,125,121,48,74,135,94,126,18,111" hai3="64,4,27,52,79,113,75,131,67,107,37,82,3"/><W41/><G113/><T46/><D106/><U69/><E130/><N who="0" m="50281" /><D122/><U49/><E69/><V1/><F116/><W59/><G131/><T91/><D46/><U101/><E7/><V78/><F121/><W84/><G107/><T86/><D86/><U68/><E68/><V119/><F119/><W72/><G72/><T43/><AGARI ba="0,0" hai="9,14,17,21,23,43,47,50,85,91,95" m="50281" machi="43" ten="30,1100,0" yaku="19,1" doraHai="28" who="0" fromWho="0" sc="270,11,186,-3,251,-3,293,-5" /><INIT seed="4,0,0,5,5,66" ten="281,183,248,288" oya="0" hai0="135,112,100,2,48,21,32,5,64,34,114,56,61" hai1="130,106,46,129,14,107,120,111,109,101,72,9,59" hai2="41,23,18,103,118,25,134,22,58,45,131,53,89" hai3="51,39,126,80,119,60,33,88,128,11,35,87,102"/><T38/><D38/><U85/><E120/><V44/><F134/><W26/><G119/><T4/><D135/><U68/><E72/><V123/><F123/><W31/><G39/><T67/><D100/><U6/><E46/><V132/><F132/><W116/><G116/><T0/><D21/><U57/><E85/><V1/><F118/><W79/><G128/><N who="1" m="49258" /><E101/><V121/><F131/><W113/><G113/><N who="0" m="43627" /><D67/><U7/><E7/><N who="0" m="2633" /><D48/><U93/><E93/><V27/><F121/><W92/><G126/><T52/><D64/><U62/><E107/><V124/><F124/><W84/><G102/><T99/><D99/><U74/><E106/><V55/><F103/><W76/><G11/><T83/><D83/><U15/><E74/><V96/><F96/><W37/><G37/><T82/><D82/><U105/><E105/><V29/><F1/><AGARI ba="0,0" hai="0,1,2,32,34,52,56,61" m="2633,43627" machi="1" ten="30,2900,0" yaku="15,1,54,1" doraHai="66" who="0" fromWho="2" sc="281,29,183,0,248,-29,288,0" /><INIT seed="4,1,0,4,2,126" ten="310,183,219,288" oya="0" hai0="125,77,71,81,41,54,56,48,112,68,109,29,7" hai1="63,113,30,91,3,111,27,70,60,97,16,13,73" hai2="5,87,130,131,55,65,106,46,129,6,24,40,75" hai3="42,93,110,23,59,127,74,43,58,72,11,84,95"/><T38/><D125/><U14/><E111/><V10/><F75/><W34/><G127/><T64/><D109/><U132/><E3/><V0/><F106/><W94/><G110/><T107/><D107/><U52/><E73/><V114/><F114/><W33/><G93/><T88/><D112/><U101/><E113/><V118/><F118/><W39/><G23/><T83/><D29/><U53/><E132/><V62/><F6/><W31/><G31/><T57/><D7/><U28/><E91/><V26/><F55/><W47/><G47/><T96/><D41/><U78/><E78/><V134/><F87/><W79/><G84/><T99/><D38/><U116/><E116/><V76/><F76/><W108/><G79/><T35/><D35/><U92/><E70/><N who="2" m="42295" /><F134/><W120/><G108/><T17/><D71/><U82/><E82/><N who="0" m="31241" /><D68/><U115/><E115/><V37/><AGARI ba="1,0" hai="0,5,10,24,26,37,40,46,129,130,131" m="42295" machi="37" ten="30,7900,0" yaku="19,1,52,3" doraHai="126" who="2" fromWho="2" sc="310,-40,183,-21,219,82,288,-21" /><INIT seed="5,0,0,3,5,135" ten="270,162,301,267" oya="1" hai0="109,37,103,51,28,67,118,133,78,57,134,41,14" hai1="121,64,60,96,8,77,127,89,61,125,39,128,4" hai2="107,31,33,91,69,92,50,87,119,90,46,32,104" hai3="52,7,126,36,98,85,130,40,100,93,3,95,108"/><U45/><E121/><V26/><F119/><W97/><G108/><T2/><D2/><U66/><E128/><V9/><F69/><W79/><G130/><T29/><D118/><U80/><E96/><V27/><F9/><W75/><G75/><T106/><D109/><U102/><E102/><V129/><F129/><W113/><G113/><T17/><D78/><U54/><E89/><V86/><F26/><W111/><G111/><T44/><D103/><U55/><E66/><V48/><F33/><W132/><G132/><N who="0" m="50795" /><D106/><U124/><E39/><V73/><F73/><W83/><G40/><T12/><D67/><U74/><E45/><V16/><F16/><W72/><G36/><T24/><D17/><U10/><E10/><V19/><F19/><W43/><G43/><T120/><D120/><U38/><E38/><V116/><F116/><W49/><G7/><T71/><D71/><N who="1" m="42375" /><E61/><V131/><F50/><W59/><G3/><AGARI ba="0,0" hai="3,4,8,54,55,74,77,80,124,125,127" m="42375" machi="3" ten="30,11600,0" yaku="18,1,52,3" doraHai="135" who="1" fromWho="3" sc="270,0,162,116,301,0,267,-116" /><INIT seed="5,1,0,3,5,77" ten="270,278,301,151" oya="1" hai0="37,122,66,23,50,134,57,79,64,132,5,98,85" hai1="129,99,112,40,8,15,120,135,105,109,31,108,100" hai2="48,45,62,70,6,0,78,59,1,111,88,128,119" hai3="20,80,69,74,60,116,83,21,89,11,22,118,4"/><U41/><E120/><V54/><F111/><N who="1" m="42569" /><E112/><V117/><F70/><W53/><G74/><T124/><D37/><U44/><E135/><N who="0" m="51753" /><D122/><U35/><E129/><V121/><F121/><W76/><G76/><T93/><D124/><U2/><E2/><V90/><F128/><W133/><G133/><T127/><D127/><U17/><E44/><V34/><F34/><W82/><G89/><T72/><D72/><U126/><E126/><V87/><F78/><W26/><G26/><AGARI ba="1,0" hai="8,15,17,26,31,35,40,41,99,100,105" m="42569" machi="26" ten="30,1500,0" yaku="10,1" doraHai="77" who="1" fromWho="3" sc="270,0,278,18,301,0,151,-18" /><INIT seed="5,2,0,1,0,13" ten="270,296,301,133" oya="1" hai0="33,77,120,76,49,124,91,131,43,67,122,60,68" hai1="105,18,8,16,121,3,109,52,65,85,32,25,80" hai2="17,24,1,78,95,28,72,84,38,41,74,123,128" hai3="118,30,79,92,133,61,4,53,64,23,135,98,86"/><U99/><E121/><N who="0" m="46697" /><D33/><U9/><E65/><V56/><F123/><W96/><G118/><T93/><D124/><U134/><E134/><V66/><F1/><W119/><G119/><T70/><D70/><U75/><E75/><V44/><F128/><W21/><G4/><T110/><D110/><U73/><E73/><V100/><F78/><W40/><G40/><T102/><D102/><U26/><E109/><V106/><F106/><W132/><G53/><T94/><D131/><U46/><E3/><V103/><F84/><W48/><G48/><T57/><D57/><U83/><E105/><V5/><F5/><W114/><G114/><T63/><D63/><U37/><E99/><N who="2" m="59519" /><F17/><N who="1" m="6761" /><E32/><V42/><F74/><W39/><G39/><T89/><D94/><U11/><E37/><V31/><F72/><W90/><G79/><N who="0" m="30283" /><D93/><U54/><E46/><AGARI ba="2,0" hai="43,46,49,60,67,68,89,91" m="30283,46697" machi="46" ten="30,1000,0" yaku="13,1" doraHai="13" who="0" fromWho="1" sc="270,16,296,-16,301,0,133,0" /><INIT seed="6,0,0,5,4,55" ten="286,280,301,133" oya="2" hai0="106,83,128,69,18,74,21,16,132,12,41,51,59" hai1="24,110,62,85,42,70,3,131,22,9,72,99,56" hai2="43,102,11,58,33,64,116,124,66,87,36,95,23" hai3="104,68,45,10,120,61,115,50,1,73,54,107,108"/><V39/><F33/><W6/><G108/><T82/><D69/><U76/><E110/><V27/><F116/><W13/><G120/><T96/><D128/><U2/><E70/><V19/><F124/><W101/><G73/><T71/><D71/><U79/><E72/><V84/><F39/><W28/><G115/><T103/><D132/><U134/><E131/><V65/><F36/><W29/><G1/><T121/><D121/><U125/><E134/><V130/><F130/><W63/><G63/><T91/><D74/><U127/><E42/><V32/><F32/><W53/><G101/><T97/><D18/><U94/><E85/><N who="2" m="32843" /><F43/><W67/><G29/><T100/><D91/><U78/><E9/><V35/><F35/><W48/><REACH who="3" step="1"/><G28/><REACH who="3" ten="286,280,301,123" step="2"/><T49/><D103/><N who="1" m="60919" /><E2/><V52/><F102/><W126/><G126/><T129/><D129/><U112/><E3/><V38/><F38/><W80/><G80/><N who="0" m="30763" /><D100/><U60/><E112/><V15/><F95/><W88/><G88/><T7/><D106/><U31/><E62/><N who="2" m="36167" /><F66/><AGARI ba="0,1" hai="22,24,31,56,60,66,76,78,79,125,127" m="60919" machi="66" ten="30,2000,0" yaku="25,1,52,1" doraHai="55" who="1" fromWho="2" sc="286,0,280,30,301,-20,123,0" /><INIT seed="7,0,0,5,0,8" ten="286,310,281,123" oya="3" hai0="27,109,47,44,5,115,126,2,49,121,79,57,50" hai1="37,97,52,83,92,26,1,19,131,108,101,132,114" hai2="23,9,12,39,76,94,36,113,81,86,95,55,41" hai3="42,17,35,31,28,124,3,25,34,88,45,51,18"/><W14/><G124/><T66/><D109/><U65/><E108/><V62/><F113/><W73/><G73/><T72/><D121/><U122/><E37/><V110/><F110/><W59/><G3/><T117/><D117/><U54/><E122/><V102/><F23/><W33/><G18/><T77/><D72/><U22/><E1/><V91/><F102/><W38/><G31/><T71/><D71/><U98/><E114/><V46/><F39/><W116/><G116/><T78/><D115/><U15/><E132/><V123/><F123/><W64/><G88/><T74/><D74/><U125/><E125/><V6/><REACH who="2" step="1"/><F76/><REACH who="2" ten="286,310,271,123" step="2"/><W68/><G68/><T100/><D126/><U106/><E131/><V99/><F99/><W89/><G89/><T16/><D100/><U70/><E97/><V128/><F128/><W105/><G105/><T85/><D85/><U112/><E106/><V32/><F32/><W111/><G111/><T7/><D2/><U93/><E112/><V90/><F90/><W69/><G69/><T129/><D129/><U104/><E104/><V24/><F24/><W21/><REACH who="3" step="1"/><G38/><REACH who="3" ten="286,310,271,113" step="2"/><T80/><D78/><U10/><E83/><V30/><F30/><W11/><G11/><T60/><D79/><U63/><E93/><V13/><F13/><W29/><G29/><AGARI ba="0,2" hai="10,15,19,22,26,29,52,54,63,65,70,92,98,101" machi="29" ten="30,3900,0" yaku="7,1,52,1,54,1" doraHai="8" who="1" fromWho="3" sc="286,0,310,59,271,0,113,-39" owari="286,9.0,369,47.0,271,-13.0,74,-43.0" /></mjloggm>