<mjloggm ver="2.3"><GO type="225" lobby="0"/><UN n0="%E3%82%8C%E3%81%A3%E3%81%A9%E3%81%A9%E3%81%A3%E3%81%90" n1="%E4%B8%89%E6%9D%A1%E7%9C%9F%E7%90%B4" n2="%E3%81%BD%E3%83%BC%E3%82%93%64%65%E3%83%AA%E3%83%B3%E3%82%B0" n3="%E3%81%AA%E3%82%81%E3%81%93%E9%9B%80%E5%A3%AB" dan="16,18,16,16" rate="2083.52,2271.23,2179.07,2176.96" sx="F,F,M,M"/><TAIKYOKU oya="0"/><INIT seed="0,0,0,2,4,52" ten="250,250,250,250" oya="0" hai0="101,0,45,78,59,100,32,119,19,10,4,26,89" hai1="117,23,30,102,15,33,6,57,116,97,135,92,43" hai2="94,81,131,133,124,31,42,112,34,105,125,71,77" hai3="36,122,87,127,28,126,24,49,25,70,63,85,128"/><T107/><D119/><U104/><E33/><V109/><F31/><W115/><G36/><T44/><D78/><U68/><E68/><V120/><F34/><W22/><G115/><T35/><D89/><U76/><E43/><V84/><F71/><W7/><G7/><T73/><D73/><U54/><E76/><V98/><F42/><W79/><G128/><T65/><D107/><U41/><E41/><V113/><F120/><W48/><G122/><T90/><D90/><U18/><E135/><V37/><F37/><W103/><G103/><T17/><D35/><U67/><E30/><V108/><F131/><W13/><G13/><N who="0" m="5319" /><D32/><U72/><E72/><V93/><F105/><W29/><G79/><T82/><D82/><U39/><E39/><V74/><F74/><W129/><G129/><T111/><D111/><N who="2" m="42570" /><F133/><W61/><G70/><T114/><D114/><N who="2" m="44138" /><F98/><W5/><G5/><T8/><D0/><U118/><E6/><V95/><AGARI ba="0,0" hai="77,81,84,93,94,95,124,125" m="44138,42570" machi="95" ten="40,5200,0" yaku="14,1,34,2" doraHai="52" who="2" fromWho="2" sc="250,-26,250,-13,250,52,250,-13" /><INIT seed="1,0,0,1,3,6" ten="224,237,302,237" oya="1" hai0="97,96,76,119,102,92,52,133,98,28,85,36,108" hai1="53,129,94,70,11,75,14,17,117,71,23,87,48" hai2="67,41,113,132,59,78,123,22,20,64,13,55,100" hai3="95,34,126,122,18,43,88,63,89,68,130,91,25"/><U24/><E117/><V90/><F123/><W74/><G74/><T51/><D36/><U7/><E75/><V115/><F132/><W105/><G105/><T110/><D119/><U84/><E129/><V3/><F3/><W30/><G122/><T9/><D28/><U56/><REACH who="1" step="1"/><E94/><REACH who="1" ten="224,227,302,237" step="2"/><V111/><F113/><W39/><G130/><T69/><D133/><U46/><E46/><V45/><F115/><W50/><G95/><T19/><D69/><AGARI ba="0,1" hai="7,11,14,17,23,24,48,53,56,69,70,71,84,87" machi="69" ten="40,3900,0" yaku="1,1,52,1,53,0" doraHai="6" doraHaiUra="38" who="1" fromWho="0" sc="224,-39,227,49,302,0,237,0" /><INIT seed="1,1,0,0,5,85" ten="185,276,302,237" oya="1" hai0="132,71,26,135,112,1,38,62,87,17,78,114,60" hai1="39,55,128,15,61,73,98,133,84,5,105,123,134" hai2="57,37,54,121,2,90,116,91,109,11,86,44,65" hai3="30,46,32,94,53,74,81,52,104,10,12,83,129"/><U96/><E73/><V93/><F116/><W19/><G104/><T130/><D38/><U29/><E39/><V48/><F121/><W115/><G115/><T126/><D1/><U107/><E123/><V120/><F120/><W103/><G129/><T7/><D7/><U125/><E128/><V8/><F109/><W108/><G108/><T25/><D130/><U106/><E29/><V18/><F2/><W59/><G74/><T97/><D97/><U0/><E0/><V42/><F65/><W31/><G32/><T117/><D117/><U50/><E61/><N who="0" m="23657" /><D78/><U45/><E125/><V40/><F40/><W41/><G59/><T28/><D87/><U49/><E49/><N who="2" m="30927" /><F37/><W4/><G4/><T92/><D28/><N who="3" m="10793" /><G83/><T6/><D6/><U22/><E5/><V34/><F34/><W63/><G81/><T101/><D71/><U14/><E105/><V69/><F69/><W66/><G63/><T89/><D101/><U80/><E107/><V100/><F100/><W47/><G66/><T124/><D17/><U82/><E106/><V127/><F127/><N who="0" m="48682" /><D114/><U131/><E131/><V111/><F111/><W102/><G102/><T51/><D51/><U68/><E68/><V110/><F110/><W9/><G103/><T119/><D119/><U113/><E113/><V99/><F18/><W24/><G19/><T13/><D13/><U72/><E14/><V43/><F43/><W64/><G41/><T118/><D118/><U122/><E122/><V67/><F67/><W23/><G12/><T95/><D112/><U75/><E15/><V58/><F58/><W35/><G64/><RYUUKYOKU ba="1,0" sc="185,-10,276,-10,302,30,237,-10" hai2="8,11,42,44,48,86,90,91,93,99" /><INIT seed="2,2,0,0,2,113" ten="175,266,332,227" oya="2" hai0="65,53,21,134,39,103,77,63,28,6,104,116,111" hai1="107,48,106,40,19,60,69,23,29,79,14,125,83" hai2="92,52,1,25,118,74,32,93,33,68,43,38,27" hai3="130,97,61,131,88,49,81,24,62,101,26,96,122"/><V99/><F74/><W64/><G122/><T3/><D111/><U76/><E125/><V110/><F68/><W82/><G49/><T17/><D39/><U51/><E76/><V117/><F1/><W72/><G64/><T58/><D77/><U50/><E40/><V47/><F110/><W15/><G15/><T70/><D134/><U126/><E126/><V132/><F132/><W129/><G72/><T94/><D104/><U119/><E119/><V30/><F52/><W120/><G120/><T66/><D28/><U5/><E5/><V18/><F93/><W109/><G109/><T7/><D3/><U0/><E0/><V80/><F80/><N who="3" m="30827" /><G101/><T71/><D71/><U127/><E127/><V98/><F98/><N who="3" m="37995" /><G88/><T105/><D105/><U12/><E12/><V57/><F57/><W84/><G84/><T9/><D103/><U85/><E29/><V67/><F67/><W13/><G13/><T2/><D6/><U135/><E135/><V37/><F37/><W75/><G75/><T4/><D4/><U124/><E124/><V102/><F18/><W16/><G16/><T133/><D133/><U59/><E69/><V10/><F10/><W35/><G35/><T56/><D70/><U45/><E45/><V108/><F108/><W128/><N who="3" m="32768" /><DORA hai="11" /><W44/><G44/><T34/><D34/><U89/><E89/><V8/><F8/><W121/><G121/><T95/><D66/><N who="1" m="39199" /><E107/><V112/><F32/><W100/><G100/><T78/><D78/><N who="1" m="46327" /><E106/><V36/><F33/><W22/><G22/><T55/><D65/><U20/><E79/><V115/><F36/><RYUUKYOKU ba="2,0" sc="175,-15,266,15,332,-15,227,15" hai1="14,19,20,23,48,50,51" hai3="24,26,61,62" /><INIT seed="3,3,0,4,2,11" ten="160,281,317,242" oya="3" hai0="122,108,126,104,28,6,78,65,77,54,134,26,100" hai1="71,124,1,116,95,110,22,83,47,84,32,81,61" hai2="7,128,103,72,62,2,121,35,31,64,23,133,60" hai3="40,74,37,98,87,59,105,73,118,89,86,115,112"/><W58/><G58/><T82/><D122/><U107/><E32/><V79/><F121/><W51/><G37/><T50/><D65/><U111/><E107/><V55/><F55/><W76/><G40/><T13/><D108/><N who="1" m="41515" /><E1/><V125/><F62/><W123/><G59/><T39/><D39/><U15/><E124/><V102/><F125/><W0/><G51/><T29/><D126/><U46/><E116/><V48/><F48/><W4/><G4/><T38/><D38/><U20/><E20/><V94/><F23/><W135/><G0/><T9/><D134/><U130/><E130/><V41/><F41/><W131/><G123/><T75/><D77/><U57/><E95/><V44/><F133/><W119/><G135/><T8/><D104/><U93/><E93/><V3/><F44/><N who="1" m="16937" /><E84/><N who="3" m="32298" /><G131/><T27/><D100/><U88/><E88/><V45/><F128/><W67/><G67/><T106/><D106/><U99/><E99/><V19/><F3/><W92/><G105/><T16/><D29/><U113/><E71/><V24/><F45/><W80/><G73/><T5/><D28/><U101/><E101/><V132/><F132/><W129/><G129/><T70/><D70/><U97/><E97/><N who="2" m="59703" /><F103/><W56/><G56/><T63/><D63/><U53/><E113/><AGARI ba="3,0" hai="74,76,80,89,92,98,112,113,115,118,119" m="32298" machi="113" ten="30,2900,0" yaku="34,2" doraHai="11" who="3" fromWho="1" sc="160,0,281,-38,317,0,242,38" /><INIT seed="3,4,0,0,4,9" ten="160,243,317,280" oya="3" hai0="39,134,46,101,30,91,80,103,10,64,122,84,15" hai1="53,85,17,7,43,92,96,127,21,55,61,62,133" hai2="90,37,34,65,77,66,78,107,135,48,81,128,52" hai3="4,93,56,69,115,1,13,5,112,49,94,29,73"/><W16/><G73/><T104/><D122/><U100/><E133/><V97/><F135/><W3/><G69/><T108/><D134/><U8/><E127/><V57/><F128/><W117/><G117/><T51/><D39/><U99/><E43/><V74/><F37/><W45/><G29/><T105/><D64/><U76/><E96/><V0/><F34/><W129/><G129/><T38/><D38/><U95/><E62/><V22/><F0/><W27/><G27/><T72/><D72/><U113/><E61/><V87/><F22/><W31/><G31/><T110/><D30/><U131/><E113/><V25/><F25/><W44/><G56/><T79/><D105/><U70/><E70/><V126/><F126/><W114/><G49/><T86/><D104/><U60/><E60/><V2/><F2/><W19/><G115/><T132/><D132/><U125/><E125/><V121/><F121/><W116/><G116/><T33/><D33/><U18/><E131/><V36/><F36/><W119/><G119/><T11/><D11/><U71/><E71/><V109/><F109/><W41/><G41/><T6/><D110/><U98/><E8/><V47/><F47/><W35/><G35/><T118/><D108/><U14/><E18/><V42/><F42/><W32/><G32/><T111/><D111/><U82/><E7/><V102/><F78/><W63/><G63/><T12/><D118/><U20/><E20/><V120/><F120/><W83/><G83/><AGARI ba="4,0" hai="48,52,57,65,66,74,77,81,83,87,90,97,102,107" machi="83" ten="30,2000,0" yaku="7,1,54,1" doraHai="9" who="2" fromWho="3" sc="160,0,243,0,317,32,280,-32" owari="160,-34.0,243,-16.0,349,45.0,248,5.0" /></mjloggm>