<mjloggm ver="2.3"><GO type="169" lobby="0"/><UN n0="%E3%81%86%E3%82%8B%E3%82%8B%E3%81%95%E3%82%89%E3%82%89" n1="%74%61%74%61%6B%75%79%61" n2="%E3%81%B5%E3%81%BF%4B%55%4E" n3="%E4%B8%AD%E6%9D%91%E8%B1%AA%EF%BC%A0" dan="16,17,16,16" rate="2146.82,2155.28,2091.41,2090.89" sx="M,M,M,M"/><TAIKYOKU oya="0"/><INIT seed="0,0,0,2,1,130" ten="250,250,250,250" oya="0" hai0="9,63,35,21,65,126,105,22,124,60,71,115,17" hai1="10,120,18,77,16,134,113,73,111,41,70,90,39" hai2="112,96,0,15,69,106,59,40,97,101,27,75,51" hai3="38,74,85,46,58,42,47,64,11,31,28,133,128"/><T127/><D115/><U135/><E120/><V122/><F0/><W62/><G74/><T125/><D105/><U79/><E113/><V86/><F75/><W26/><G128/><T84/><D35/><U24/><E111/><V55/><F69/><W45/><G31/><T19/><D63/><U108/><E108/><V91/><F122/><W78/><G11/><T8/><N who="0" m="31744" /><DORA hai="61" /><T80/><D19/><U48/><E39/><V54/><F40/><W81/><REACH who="3" step="1"/><G133/><REACH who="3" ten="250,250,250,240" step="2"/><T43/><D43/><U44/><E10/><N who="0" m="4201" /><D17/><U14/><E18/><V132/><F132/><W4/><G4/><T30/><D30/><U118/><E73/><V2/><F112/><W5/><G5/><T52/><D52/><U102/><E135/><V117/><F55/><W33/><AGARI ba="0,1" hai="26,28,33,38,42,45,46,47,58,62,64,78,81,85" machi="33" ten="20,5200,0" yaku="1,1,0,1,7,1,52,1,53,0" doraHai="130,61" doraHaiUra="50,1" who="3" fromWho="3" sc="250,-26,250,-13,250,-13,240,62" /><INIT seed="1,0,0,1,0,101" ten="224,237,237,302" oya="1" hai0="85,12,103,0,108,117,126,51,127,45,44,58,56" hai1="102,47,115,33,89,29,88,23,83,93,130,71,77" hai2="84,18,15,114,69,65,134,74,80,7,122,90,99" hai3="25,8,76,110,46,95,26,30,48,91,4,50,82"/><U54/><E71/><V113/><F122/><W37/><G110/><T41/><D0/><U70/><E70/><V57/><F134/><W107/><G30/><T38/><D103/><U73/><E33/><V94/><F69/><W16/><G37/><T27/><D27/><U119/><E115/><V53/><F65/><W109/><G107/><T64/><D85/><U36/><E119/><V52/><F7/><W128/><G128/><T116/><D12/><U11/><E130/><V81/><F74/><W121/><G109/><T62/><D108/><U118/><E118/><V111/><F111/><W3/><G121/><T75/><D75/><U98/><E11/><V86/><F113/><W123/><G123/><T131/><D131/><U21/><E54/><V6/><F6/><W10/><G50/><T63/><D117/><U61/><E61/><V34/><F34/><W96/><G10/><T31/><D31/><U104/><E89/><N who="2" m="51343" /><F57/><W79/><G82/><T129/><D129/><U125/><E29/><V42/><F42/><W120/><G120/><T66/><D116/><U59/><E59/><V20/><F114/><W105/><G105/><T60/><D60/><U32/><E125/><V87/><F87/><W2/><G2/><T19/><D19/><U97/><REACH who="1" step="1"/><E32/><REACH who="1" ten="224,227,237,302" step="2"/><V67/><F67/><W22/><G79/><AGARI ba="0,1" hai="15,18,20,52,53,79,80,86,90,94,99" m="51343" machi="79" ten="30,2000,0" yaku="8,1,54,1" doraHai="101" who="2" fromWho="3" sc="224,0,227,0,237,30,302,-20" /><INIT seed="2,0,0,1,2,113" ten="224,227,267,282" oya="2" hai0="88,11,34,57,116,26,6,112,110,97,125,31,104" hai1="46,48,78,123,86,13,24,73,80,28,87,61,108" hai2="91,63,62,7,109,16,115,103,4,98,39,15,122" hai3="117,45,95,132,75,83,135,29,66,82,56,43,93"/><V111/><F115/><W89/><G29/><T35/><D110/><N who="2" m="41994" /><F39/><W120/><G120/><T127/><D112/><U96/><E123/><V130/><F130/><W79/><G83/><T49/><D35/><U76/><E108/><V126/><F126/><W18/><G18/><T20/><D34/><U114/><E114/><V0/><F91/><W51/><G117/><T5/><D104/><U94/><E78/><V68/><F0/><W33/><G33/><T40/><D6/><N who="2" m="2090" /><F68/><W8/><G8/><T32/><D32/><U60/><E13/><V106/><F122/><W101/><G101/><T84/><D97/><U58/><E73/><V81/><F81/><W119/><G119/><T118/><D127/><U22/><E58/><V70/><F70/><W92/><G89/><T102/><D102/><U42/><REACH who="1" step="1"/><E87/><REACH who="1" ten="224,217,267,282" step="2"/><V54/><F54/><W41/><G56/><T64/><D125/><U53/><E53/><V9/><AGARI ba="0,1" hai="9,15,16,62,63,98,103,106" m="2090,41994" machi="9" ten="30,6000,0" yaku="14,1,10,1,54,1" doraHai="113" who="2" fromWho="2" sc="224,-20,217,-20,267,70,282,-20" /><INIT seed="2,1,0,5,2,10" ten="204,197,337,262" oya="2" hai0="13,90,105,45,123,110,32,132,128,126,104,111,16" hai1="7,127,94,58,70,131,77,84,34,0,103,93,82" hai2="108,15,129,96,64,101,14,72,86,24,61,35,5" hai3="119,122,71,59,69,27,62,121,120,99,130,95,21"/><V17/><F72/><W107/><G107/><T117/><D123/><U81/><E70/><V31/><F129/><W83/><G83/><T42/><D32/><U76/><E34/><V60/><F60/><W54/><G119/><T29/><D117/><U56/><E7/><V47/><F47/><W92/><G92/><T28/><D126/><U66/><E0/><V38/><F38/><W26/><G26/><T113/><D113/><U49/><E49/><V134/><F134/><W124/><G124/><T91/><D128/><U125/><E84/><V48/><F48/><W23/><G23/><T2/><D2/><U100/><REACH who="1" step="1"/><E66/><REACH who="1" ten="204,187,337,262" step="2"/><V44/><F86/><W73/><G130/><AGARI ba="1,1" hai="56,58,76,77,81,82,93,94,100,103,125,127,130,131" machi="130" ten="25,6400,0" yaku="1,1,2,1,22,2,53,0" doraHai="10" doraHaiUra="57" who="1" fromWho="3" sc="204,0,187,77,337,0,262,-67" /><INIT seed="3,0,0,2,0,95" ten="204,264,337,195" oya="3" hai0="90,25,89,54,128,81,104,19,87,135,37,100,49" hai1="13,9,58,41,6,1,60,86,108,32,69,96,42" hai2="124,67,125,52,3,17,65,73,120,39,45,99,117" hai3="103,38,111,59,0,22,110,63,118,97,57,112,80"/><W24/><G0/><T133/><D37/><U119/><E69/><V55/><F117/><W72/><G38/><T40/><D40/><U68/><E68/><V71/><F73/><W31/><G118/><T18/><D128/><U93/><E32/><V12/><F3/><W98/><G112/><T51/><D25/><U107/><E119/><V131/><F131/><W21/><G21/><T74/><D74/><U113/><E113/><V35/><F35/><W115/><G115/><T26/><D26/><U91/><E108/><N who="3" m="41514" /><G103/><T109/><D109/><U14/><E1/><V50/><F39/><W4/><G4/><T64/><D64/><N who="1" m="38935" /><E107/><V116/><F116/><W36/><G36/><T20/><D20/><U134/><E134/><V30/><F30/><W56/><G63/><T28/><D28/><U53/><E14/><V44/><F120/><W11/><G11/><T47/><D51/><U101/><E53/><V15/><F71/><W132/><G132/><T16/><D100/><U126/><E126/><V114/><F114/><W23/><G23/><T48/><D104/><U82/><AGARI ba="0,0" hai="6,9,13,41,42,82,86,91,93,96,101" m="38935" machi="82" ten="30,2000,0" yaku="8,1,52,1" doraHai="95" who="1" fromWho="1" sc="204,-5,264,20,337,-5,195,-10" /><INIT seed="4,0,0,4,5,127" ten="199,284,332,185" oya="0" hai0="52,93,105,34,70,14,111,26,69,106,107,55,89" hai1="58,134,71,96,133,1,45,100,42,22,130,27,113" hai2="0,85,32,53,101,51,10,123,18,131,54,125,119" hai3="16,84,116,72,17,33,98,75,115,38,124,11,91"/><T9/><D111/><U7/><E71/><V44/><F123/><W63/><G33/><T48/><D55/><U126/><E58/><V117/><F32/><W12/><G38/><T25/><D34/><U77/><E126/><V8/><F125/><W31/><G116/><T50/><D50/><U76/><E113/><V65/><F65/><W60/><G31/><T97/><D70/><U109/><E7/><V41/><F101/><W35/><G35/><T49/><D49/><N who="1" m="26807" /><E1/><V74/><F74/><W28/><G28/><T104/><N who="0" m="26624" /><DORA hai="80" /><T29/><D29/><U92/><E130/><V78/><F131/><W24/><G98/><T83/><D83/><U2/><E2/><V81/><F0/><W103/><G103/><T122/><D122/><U59/><E59/><V94/><F94/><W129/><G129/><T64/><D64/><U6/><E6/><V47/><F18/><W23/><G124/><T102/><D69/><U79/><E79/><V5/><F5/><W4/><G4/><T40/><D40/><U43/><E43/><V13/><F53/><W30/><G30/><T36/><D36/><U37/><E37/><V66/><F66/><W82/><REACH who="3" step="1"/><G115/><REACH who="3" ten="199,284,332,175" step="2"/><T87/><D102/><U21/><E96/><V99/><F99/><W121/><G121/><T56/><REACH who="0" step="1"/><D97/><REACH who="0" ten="189,284,332,175" step="2"/><U118/><E100/><V112/><F112/><W46/><G46/><T67/><D67/><U108/><E109/><V110/><F110/><W73/><AGARI ba="0,2" hai="11,12,16,17,23,24,60,63,72,73,75,82,84,91" machi="73" ten="30,7900,0" yaku="1,1,0,1,52,1,54,1,53,0" doraHai="127,80" doraHaiUra="90,62" who="3" fromWho="3" sc="189,-39,284,-20,332,-20,175,99" /><INIT seed="5,0,0,1,0,19" ten="150,264,312,274" oya="1" hai0="33,107,72,94,0,133,11,25,120,112,86,108,110" hai1="60,44,9,61,53,68,119,38,58,93,47,95,27" hai2="76,129,87,51,8,102,75,62,97,130,91,23,126" hai3="12,127,37,17,128,78,59,56,4,67,85,5,118"/><U74/><E74/><V35/><F35/><W77/><G37/><T71/><D94/><U21/><E119/><V15/><F126/><W124/><G128/><T6/><D86/><U114/><E114/><V39/><F39/><W13/><G17/><T52/><D52/><U82/><E9/><V104/><F76/><W45/><G85/><T31/><D133/><U105/><E105/><V69/><F51/><W48/><G48/><T117/><D117/><U116/><E116/><V55/><F75/><W81/><G118/><T30/><D30/><U10/><E10/><V43/><F43/><W83/><REACH who="3" step="1"/><G67/><REACH who="3" ten="150,264,312,264" step="2"/><T42/><D120/><U73/><E38/><V122/><F87/><W80/><G80/><T50/><D112/><U64/><E73/><V96/><F130/><W135/><G135/><T57/><D72/><U65/><E82/><V46/><F129/><W101/><G101/><T2/><D110/><U70/><E95/><V103/><F103/><W24/><G24/><T3/><D50/><U29/><E93/><V123/><F102/><W109/><G109/><T16/><D108/><U98/><E98/><V34/><F96/><W92/><G92/><T89/><D16/><U99/><E99/><V113/><F97/><W111/><G111/><T100/><D25/><U40/><E40/><V90/><F113/><W84/><G84/><T66/><D42/><U36/><E36/><V18/><F18/><W14/><G14/><T88/><D100/><U115/><E115/><V28/><F123/><W22/><G22/><T132/><D132/><U49/><AGARI ba="0,1" hai="21,27,29,44,47,49,53,58,60,61,64,65,68,70" machi="49" ten="20,7800,0" yaku="0,1,7,1,9,1,52,1" doraHai="19" who="1" fromWho="1" sc="150,-26,264,88,312,-26,264,-26" /><INIT seed="5,1,0,5,5,83" ten="124,352,286,238" oya="1" hai0="47,117,84,65,134,119,28,127,72,4,3,69,97" hai1="48,0,121,120,12,68,6,92,108,91,76,93,90" hai2="96,38,37,30,99,66,133,116,35,58,57,110,45" hai3="106,50,104,22,78,18,67,107,14,7,95,130,11"/><U32/><E68/><V9/><F110/><W87/><G130/><T112/><D84/><U59/><E32/><V132/><F116/><W33/><G33/><T111/><D97/><N who="2" m="37450" /><F9/><W126/><G126/><T1/><D47/><U82/><E0/><V114/><F114/><W17/><G67/><T23/><D65/><U94/><E59/><N who="2" m="22539" /><F66/><W39/><G39/><T85/><D85/><U46/><E48/><V74/><F74/><W34/><G34/><T25/><D69/><U42/><E12/><V52/><F30/><W124/><G124/><T19/><D72/><U20/><E20/><V129/><F129/><W103/><G103/><T56/><D56/><U115/><E46/><V29/><F29/><W86/><G18/><T101/><D101/><U77/><E42/><V64/><F64/><W13/><G95/><N who="1" m="36426" /><E6/><V54/><F35/><W125/><G125/><T5/><D127/><U73/><E115/><V81/><F81/><W10/><G10/><T88/><D112/><U135/><E135/><N who="2" m="51787" /><F45/><W53/><G78/><N who="1" m="30314" /><E108/><V8/><F8/><W118/><G118/><T51/><D134/><U16/><E16/><V70/><F70/><W123/><G7/><T60/><D19/><U71/><E71/><V26/><F26/><W44/><G11/><T100/><D5/><U113/><E113/><V36/><AGARI ba="1,0" hai="36,37,38,52,54" m="51787,22539,37450" machi="36" ten="40,8000,1" yaku="28,2,20,1,54,1" doraHai="83" who="2" fromWho="2" sc="124,-21,352,-41,286,83,238,-21" /><INIT seed="6,0,0,2,2,89" ten="103,311,369,217" oya="2" hai0="4,9,103,12,132,56,128,51,22,1,18,14,118" hai1="85,110,127,93,36,71,25,62,98,112,32,74,134" hai2="2,109,27,81,8,105,69,68,84,80,99,6,41" hai3="60,5,116,86,133,115,67,101,53,34,44,72,59"/><V117/><F117/><W91/><G72/><T31/><D51/><U23/><E74/><V15/><F109/><W57/><G34/><T107/><D56/><U45/><E110/><V48/><F81/><W28/><G28/><T73/><D103/><U120/><E32/><V82/><F82/><W20/><G116/><T66/><D107/><U75/><E112/><V35/><F2/><W95/><G133/><T16/><D66/><U70/><E75/><V108/><F108/><W0/><G115/><T94/><D94/><U135/><E127/><V65/><F65/><W124/><G124/><T130/><D73/><U52/><E120/><V76/><F27/><W77/><G77/><T61/><D61/><U10/><E10/><V40/><F40/><W78/><G78/><T11/><D118/><U55/><E85/><V17/><F17/><W42/><G20/><T97/><D97/><U24/><E24/><V122/><F35/><W96/><G44/><T26/><D132/><N who="1" m="50731" /><E62/><V79/><F79/><W87/><G42/><T3/><D3/><U121/><E121/><V49/><F49/><W88/><G5/><T38/><D38/><U102/><E55/><V46/><F122/><W50/><G0/><T64/><D64/><U119/><E119/><V92/><F105/><W125/><G125/><T7/><D7/><U47/><E47/><V123/><F123/><W129/><G87/><T83/><D83/><U30/><E36/><V131/><F131/><W126/><G129/><T114/><D114/><U29/><E29/><V106/><F106/><N who="3" m="63783" /><G126/><T39/><D39/><U111/><E111/><RYUUKYOKU ba="0,0" sc="103,0,311,0,369,0,217,0" hai0="1,4,9,11,12,14,16,18,22,26,31,128,130" hai1="23,25,30,45,52,70,71,93,98,102" hai2="6,8,15,41,46,48,68,69,76,80,84,92,99" hai3="50,53,57,59,60,67,86,88,91,95" /><INIT seed="6,1,0,4,4,67" ten="103,311,369,217" oya="2" hai0="48,108,99,88,115,13,8,123,17,22,100,131,96" hai1="102,77,9,119,63,4,125,27,113,73,120,71,53" hai2="106,46,15,14,19,21,72,32,3,23,109,101,42" hai3="79,107,118,40,18,12,5,130,7,66,124,81,31"/><V122/><F72/><W97/><G118/><T28/><D108/><U0/><E119/><V41/><F32/><W29/><G40/><T26/><D123/><U87/><E87/><V56/><F3/><W44/><G44/><T126/><D115/><U98/><E113/><V62/><F122/><W57/><G130/><T104/><D131/><U11/><E120/><V129/><F129/><W92/><G107/><T68/><D126/><U1/><E125/><V20/><F109/><W24/><G124/><T75/><D75/><U60/><E27/><V10/><F106/><W135/><G135/><T59/><D59/><U95/><E53/><V134/><F101/><W25/><G25/><T89/><D99/><U91/><E71/><V36/><F42/><W112/><G112/><T86/><D48/><U30/><E30/><N who="3" m="11274" /><G24/><T85/><D85/><U117/><E117/><V74/><F74/><W33/><G33/><T49/><D49/><U6/><REACH who="1" step="1"/><E102/><REACH who="1" ten="103,301,369,217" step="2"/><V110/><F110/><W114/><G114/><T116/><D116/><U54/><E54/><V94/><F134/><W133/><G133/><T39/><D39/><U128/><E128/><V111/><F111/><W51/><G66/><T105/><D105/><U52/><E52/><V37/><F37/><W34/><G34/><T47/><D47/><U38/><E38/><V127/><F127/><W35/><G35/><T2/><D2/><U90/><E90/><V61/><F36/><W103/><G79/><T76/><REACH who="0" step="1"/><D68/><REACH who="0" ten="93,301,369,217" step="2"/><U84/><E84/><V55/><F46/><W64/><G57/><T132/><D132/><U45/><E45/><RYUUKYOKU ba="1,2" sc="93,15,301,15,369,-15,217,-15" hai0="8,13,17,22,26,28,76,86,88,89,96,100,104" hai1="0,1,4,6,9,11,60,63,73,77,91,95,98" /><INIT seed="7,2,2,4,3,88" ten="108,316,354,202" oya="3" hai0="16,73,106,10,118,6,62,84,45,125,44,32,28" hai1="47,13,8,111,56,4,53,23,89,29,114,60,49" hai2="82,108,94,90,76,133,107,115,116,39,74,35,59" hai3="110,38,102,3,105,65,131,43,40,50,67,130,19"/><W78/><G3/><T57/><D118/><U121/><E111/><V61/><F116/><W100/><G78/><T83/><D106/><U69/><E121/><V135/><F108/><W58/><G110/><T1/><D125/><U9/><E114/><V63/><F107/><W5/><G5/><T21/><D73/><U95/><E69/><V122/><F122/><W112/><G112/><T81/><D81/><U119/><E119/><V33/><F39/><W120/><G120/><T34/><D34/><U98/><E9/><V15/><F15/><W11/><G38/><T91/><D28/><U48/><E47/><V103/><F103/><N who="3" m="39467" /><G105/><T51/><D32/><U77/><E77/><V134/><F115/><W31/><G31/><T124/><D124/><U92/><E92/><V22/><F22/><W20/><G11/><T2/><D2/><U104/><E104/><V18/><F18/><W113/><G113/><T72/><D72/><U27/><AGARI ba="2,2" hai="4,8,13,23,27,29,48,49,53,56,60,89,95,98" machi="27" ten="30,4000,0" yaku="0,1,8,1,52,1" doraHai="88" who="1" fromWho="1" sc="108,-12,316,66,354,-12,202,-22" owari="96,-40.0,382,48.0,342,14.0,180,-22.0" /></mjloggm>