<mjloggm ver="2.3"><GO type="225" lobby="0"/><UN n0="%E4%B8%89%E6%9D%A1%E7%9C%9F%E7%90%B4" n1="%E3%81%BD%E3%83%BC%E3%82%93%64%65%E3%83%AA%E3%83%B3%E3%82%B0" n2="%E3%81%AA%E3%82%81%E3%81%93%E9%9B%80%E5%A3%AB" n3="%74%61%6B%75%61%6B%61" dan="18,16,16,18" rate="2261.20,2195.15,2179.66,2225.55" sx="F,M,M,M"/><TAIKYOKU oya="0"/><INIT seed="0,0,0,1,0,98" ten="250,250,250,250" oya="0" hai0="104,95,99,19,28,2,38,71,30,97,116,106,69" hai1="90,54,86,65,115,44,126,68,70,101,41,121,91" hai2="20,18,74,85,107,1,49,134,80,8,123,37,55" hai3="27,103,62,24,64,34,16,56,43,132,94,77,76"/><T72/><D19/><U15/><E121/><V58/><F37/><W135/><G43/><T118/><D95/><U35/><E35/><V93/><F74/><W22/><G34/><T10/><D10/><U129/><E126/><V112/><F107/><W110/><G110/><T81/><D81/><U79/><E129/><V130/><F123/><W119/><G119/><T92/><D92/><U133/><E115/><V31/><F112/><W12/><G135/><T32/><D32/><U14/><E133/><V33/><F33/><W23/><G132/><T5/><D38/><U7/><E101/><V96/><F1/><W127/><G127/><T102/><D72/><U60/><E68/><V13/><F130/><W61/><G61/><T117/><D117/><U87/><E54/><V78/><F31/><N who="3" m="17823" /><G12/><T11/><D11/><U124/><E124/><V17/><F134/><W89/><G89/><T46/><D46/><U122/><E122/><V75/><F75/><W29/><G29/><T131/><D131/><U63/><E63/><V25/><F17/><W82/><G82/><T100/><D2/><U52/><E79/><V105/><F105/><W39/><G39/><T51/><D51/><N who="1" m="28775" /><E41/><V3/><F3/><W73/><G73/><T120/><D120/><U88/><E14/><V59/><F13/><W66/><G66/><T48/><D48/><U26/><E26/><V128/><F128/><W45/><G45/><T53/><D53/><U108/><E108/><V67/><F67/><W42/><G42/><T40/><D40/><U83/><E83/><V111/><F111/><W50/><G50/><RYUUKYOKU ba="0,0" sc="250,10,250,10,250,-30,250,10" hai0="5,28,30,69,71,97,99,100,102,104,106,116,118" hai1="7,15,60,65,70,86,87,88,90,91" hai3="16,22,27,56,62,64,76,77,94,103" /><INIT seed="0,1,0,3,1,124" ten="260,260,220,260" oya="0" hai0="21,109,126,10,98,57,14,11,92,4,117,0,134" hai1="56,44,64,129,107,28,35,47,71,100,76,89,81" hai2="33,20,15,106,72,115,2,51,40,95,6,110,29" hai3="34,42,131,18,125,16,108,97,30,83,61,77,3"/><T79/><D117/><U22/><E22/><V41/><F106/><W132/><G125/><T78/><D126/><U19/><E19/><V53/><F72/><W36/><G108/><T68/><D68/><U1/><E56/><V93/><F115/><W122/><G132/><T87/><D134/><U25/><E1/><V133/><F33/><W113/><G113/><T94/><D109/><U55/><E55/><V123/><F2/><W103/><G3/><T85/><D21/><U121/><E89/><V24/><F123/><W127/><G127/><T69/><D69/><U5/><E5/><V58/><F133/><W65/><G122/><T88/><D57/><U96/><E121/><V9/><F110/><W7/><G7/><T111/><D111/><U52/><E52/><V118/><F118/><W84/><G36/><T26/><D26/><U112/><E112/><V101/><F101/><W116/><G42/><AGARI ba="1,0" hai="6,9,15,20,24,29,40,41,42,51,53,58,93,95" machi="42" ten="40,1300,0" yaku="8,1" doraHai="124" who="2" fromWho="3" sc="260,0,260,0,220,16,260,-16" /><INIT seed="1,0,0,3,2,57" ten="260,260,236,244" oya="1" hai0="2,132,111,69,87,26,135,17,133,23,90,4,14" hai1="35,70,102,33,103,91,85,66,18,25,48,84,78" hai2="126,120,94,29,49,127,123,21,59,75,61,134,27" hai3="95,83,20,82,119,116,31,113,72,130,46,13,101"/><U68/><E78/><V47/><F75/><W64/><G113/><T32/><D111/><U109/><E18/><V45/><F134/><W81/><G130/><T100/><D100/><U40/><E25/><V56/><F56/><W79/><G64/><T86/><D69/><U43/><E91/><V106/><F106/><W74/><G46/><T34/><D90/><U97/><E66/><N who="2" m="39231" /><F94/><W63/><G63/><T37/><D37/><U51/><REACH who="1" step="1"/><E109/><REACH who="1" ten="260,250,236,244" step="2"/><V71/><F27/><W67/><G79/><T125/><D125/><U52/><E52/><V112/><F127/><W36/><G67/><T98/><D26/><U15/><E15/><V131/><F126/><W54/><G54/><T105/><D132/><U80/><E80/><V24/><F24/><W118/><G13/><T92/><D135/><U124/><E124/><V19/><F19/><W58/><G74/><T73/><D133/><U50/><E50/><V88/><F49/><W65/><G72/><T121/><D73/><U114/><E114/><V104/><F112/><W12/><G12/><T62/><D14/><U6/><E6/><V16/><F88/><W3/><G65/><T108/><D17/><U1/><E1/><V8/><F16/><W122/><G3/><T76/><D4/><U77/><E77/><V60/><F71/><W0/><G0/><T117/><D2/><U53/><E53/><V93/><F123/><W99/><G122/><T11/><D121/><U39/><E39/><V41/><F120/><W110/><G36/><T10/><D108/><U44/><E44/><V42/><F47/><W22/><G110/><RYUUKYOKU ba="0,1" sc="260,-10,250,30,236,-10,244,-10" hai1="33,35,40,43,48,51,68,70,84,85,97,102,103" /><INIT seed="1,1,1,5,0,37" ten="250,280,226,234" oya="1" hai0="34,80,92,76,125,36,109,79,50,124,81,15,65" hai1="40,101,17,86,122,126,3,7,117,70,114,99,94" hai2="9,120,68,112,43,134,45,131,16,98,59,123,64" hai3="89,14,74,11,22,75,57,47,108,90,69,12,82"/><U30/><E70/><V88/><F68/><W21/><G69/><T133/><D34/><U28/><E114/><V31/><F112/><W32/><G47/><T96/><D36/><U2/><E117/><V10/><F10/><W33/><G11/><T93/><D65/><U44/><E122/><V132/><F31/><W20/><G82/><T35/><D35/><N who="3" m="13385" /><G57/><T135/><D50/><U38/><E17/><V77/><F77/><W42/><G42/><T107/><D15/><N who="3" m="5673" /><G108/><T85/><D107/><U19/><E19/><V127/><F59/><W121/><G121/><T129/><D109/><U5/><E5/><V8/><F64/><W55/><G55/><T118/><D118/><U119/><E119/><V24/><F8/><W78/><G78/><T48/><D48/><U13/><E7/><V18/><F9/><W130/><G130/><T63/><D63/><U49/><E38/><N who="2" m="21751" /><F131/><W4/><G4/><T100/><D129/><U84/><E13/><V116/><F116/><W102/><G102/><T56/><D56/><U115/><E2/><V87/><F18/><W105/><G105/><T58/><D58/><U111/><E3/><V72/><F123/><W23/><N who="3" m="5120" /><DORA hai="95" /><W52/><G52/><T29/><D29/><N who="1" m="11371" /><E111/><V62/><F16/><W26/><G26/><T66/><D66/><U106/><E115/><V73/><F24/><W46/><G46/><T39/><D39/><U91/><E106/><V54/><F120/><W128/><G128/><T83/><D83/><U103/><E103/><V104/><F104/><W61/><G61/><T67/><D67/><U25/><E25/><RYUUKYOKU ba="1,1" sc="250,-10,280,-10,226,-10,234,30" hai3="74,75,89,90" /><INIT seed="2,2,1,5,1,96" ten="240,270,216,264" oya="2" hai0="112,121,19,23,120,119,48,70,41,16,22,74,54" hai1="47,82,15,37,130,114,111,63,103,38,12,29,79" hai2="113,31,49,5,30,135,32,21,52,131,83,33,44" hai3="104,102,34,89,86,91,122,76,98,64,17,65,36"/><V100/><F113/><W105/><G122/><T88/><D74/><U59/><E114/><V80/><F5/><W13/><G36/><T107/><D107/><U27/><E111/><V60/><F135/><W6/><G6/><T53/><D112/><U40/><E130/><V68/><F131/><W73/><G34/><T20/><D70/><U9/><E103/><V0/><F0/><W133/><G105/><T126/><D126/><U116/><E116/><V124/><F124/><W25/><G25/><T56/><D119/><U42/><E9/><V128/><F128/><W123/><G123/><T94/><D121/><U67/><E42/><V50/><F33/><W99/><G99/><N who="0" m="57799" /><D41/><U43/><E43/><N who="2" m="24735" /><F32/><W87/><G87/><T90/><D120/><U28/><E37/><V93/><F60/><W51/><G51/><N who="0" m="30783" /><D90/><U35/><E29/><N who="2" m="10763" /><F68/><W18/><G73/><AGARI ba="2,1" hai="12,15,27,28,35,38,40,47,59,63,67,73,79,82" machi="73" ten="30,1000,0" yaku="7,1" doraHai="96" who="1" fromWho="3" sc="240,0,270,26,216,0,264,-16" /><INIT seed="3,0,0,4,2,90" ten="240,296,216,248" oya="3" hai0="40,57,105,63,114,127,23,134,111,49,59,62,116" hai1="6,115,28,117,78,69,103,46,73,120,21,94,60" hai2="118,122,19,24,9,47,66,104,76,41,129,126,53" hai3="12,1,33,112,44,75,123,80,18,51,43,15,17"/><W83/><G123/><T32/><D32/><U86/><E120/><V110/><F122/><W93/><G1/><T38/><D105/><U56/><E115/><V2/><F118/><W133/><G112/><T5/><D5/><U25/><E69/><V61/><F104/><W65/><G33/><T125/><D114/><U77/><E73/><V98/><F110/><W58/><G75/><T0/><D23/><U106/><E117/><V128/><F126/><W97/><G133/><T11/><D11/><U3/><E106/><V99/><F76/><W52/><G65/><T37/><D0/><U101/><E3/><V113/><F113/><W124/><G124/><T67/><D49/><U50/><E6/><V10/><F53/><W54/><G12/><T81/><D81/><N who="3" m="31305" /><G15/><T35/><D35/><U27/><E27/><V8/><F2/><W92/><G92/><T26/><D116/><U74/><E74/><V102/><F24/><W64/><G64/><T87/><D26/><U42/><E78/><V132/><F132/><W88/><G43/><T135/><D67/><N who="1" m="39303" /><E77/><V7/><F7/><W121/><G121/><T70/><D40/><U109/><E109/><V55/><F55/><W119/><G119/><T95/><D111/><U39/><E39/><V79/><F79/><W85/><G85/><T91/><D87/><U48/><E48/><AGARI ba="0,0" hai="17,18,44,48,51,52,54,58,88,93,97" m="31305" machi="48" ten="30,11600,0" yaku="8,1,52,1,54,2" doraHai="90" who="3" fromWho="1" sc="240,0,296,-116,216,0,248,116" owari="240,4.0,180,-32.0,216,-18.0,364,46.0" /></mjloggm>