<mjloggm ver="2.3"><GO type="185" lobby="0"/><UN n0="%45%6D%75%72%61%74%65%64" n1="%E2%98%86%E3%83%97%E3%83%A9%E3%83%81%E3%83%8A" n2="%E3%82%B2%E3%83%B3%E3%82%BA" n3="" dan="18,16,16,0" rate="2307.07,2217.05,2069.98,1500.00" sx="M,M,M,C"/><TAIKYOKU oya="0"/><INIT seed="0,0,0,0,2,57" ten="350,350,350,0" oya="0" hai0="114,36,52,123,79,108,43,44,74,128,92,98,38" hai1="51,66,124,78,81,2,121,132,68,86,118,33,82" hai2="111,87,125,102,88,106,77,129,50,109,54,84,48" hai3=""/><T65/><N who="0" m="31520" /><T133/><D114/><U45/><N who="1" m="31008" /><U39/><E118/><V62/><F125/><T1/><D1/><U93/><E39/><V131/><F106/><T116/><D116/><U83/><E2/><V3/><F102/><T91/><D128/><N who="2" m="49226" /><F3/><T67/><D133/><U117/><E117/><V35/><F35/><T63/><D36/><U95/><E33/><V104/><F104/><T69/><D108/><U60/><E124/><V105/><F105/><T115/><D115/><U134/><E78/><V56/><F84/><T103/><D67/><U64/><E64/><V59/><F77/><T49/><D74/><U94/><REACH who="1" step="1"/><E86/><REACH who="1" ten="350,340,350,0" step="2"/><V61/><F109/><T119/><D79/><U72/><E72/><V120/><N who="2" m="30752" /><V34/><F34/><T89/><REACH who="0" step="1"/><D119/><REACH who="0" ten="340,340,350,0" step="2"/><U90/><E90/><V42/><F111/><T75/><D75/><U107/><E107/><V53/><F42/><AGARI ba="0,2" hai="42,45,51,60,66,68,81,82,83,93,94,95,132,134" m="31008" machi="42" ten="40,5200,0" yaku="1,1,52,2,53,0" doraHai="57" doraHaiUra="135" who="1" fromWho="2" sc="340,0,340,72,350,-52,0,0" /><INIT seed="1,0,0,2,4,119" ten="340,412,298,0" oya="1" hai0="40,65,105,53,67,98,124,76,129,112,102,71,70" hai1="134,0,34,89,3,122,127,93,111,73,36,72,61" hai2="39,41,37,87,94,115,47,123,107,97,103,60,38" hai3=""/><U32/><N who="1" m="31264" /><U43/><E127/><V135/><N who="2" m="31520" /><V132/><F115/><T66/><D112/><U78/><E134/><N who="2" m="51243" /><F60/><T44/><D124/><U113/><E113/><V49/><F87/><T99/><D76/><U80/><E73/><V51/><F51/><T104/><D53/><U88/><E111/><V35/><F35/><T79/><D79/><U56/><E89/><V91/><F91/><T62/><D71/><U133/><E133/><V84/><F84/><T128/><D128/><U55/><E34/><V82/><F82/><T45/><D45/><U118/><E32/><V95/><AGARI ba="0,0" hai="37,38,39,41,47,49,94,95,97,103,107" m="51243,31520" machi="95" ten="40,3900,0" yaku="20,1,52,2" doraHai="119" who="2" fromWho="2" sc="340,-13,412,-26,298,39,0,0" /><INIT seed="2,0,0,0,2,86" ten="327,386,337,0" oya="2" hai0="42,123,37,62,98,113,67,63,52,122,105,95,51" hai1="125,49,64,107,109,129,99,90,134,112,34,117,126" hai2="83,1,100,78,55,130,61,102,71,120,111,72,92" hai3=""/><V60/><N who="2" m="30752" /><V65/><F1/><T106/><N who="0" m="31264" /><T54/><N who="0" m="31520" /><T87/><D113/><U79/><E34/><V36/><F130/><T115/><D115/><U57/><E112/><V108/><F36/><T3/><D3/><U127/><E129/><V81/><F83/><T101/><D54/><U58/><E134/><V131/><F131/><T97/><D87/><U73/><E109/><N who="2" m="42059" /><F92/><T74/><D74/><U32/><E32/><V88/><F88/><T69/><D63/><U133/><E133/><V89/><F89/><T91/><D42/><U82/><E117/><V2/><F2/><T70/><D37/><U66/><E107/><V46/><F46/><T84/><D106/><U119/><E119/><V80/><F80/><T104/><D104/><U0/><E0/><V128/><F128/><T75/><D98/><U93/><E125/><V45/><F45/><T77/><D77/><U59/><E126/><V85/><F72/><T39/><D39/><U68/><E127/><V35/><F35/><T103/><D75/><U33/><E33/><V121/><N who="2" m="31008" /><V48/><F48/><T43/><D105/><U132/><E132/><V38/><F38/><T50/><D51/><U94/><E94/><V124/><F124/><RYUUKYOKU ba="0,0" sc="327,-10,386,-10,337,20,0,0" hai2="55,60,61,65,71,78,81,85,100,102" /><INIT seed="2,1,0,2,1,75" ten="317,376,357,0" oya="2" hai0="132,90,41,53,72,134,65,92,64,121,61,55,57" hai1="93,105,116,85,95,133,108,43,84,63,59,125,102" hai2="34,46,110,113,111,45,96,47,35,120,67,99,103" hai3=""/><V114/><N who="2" m="30752" /><V0/><F67/><T117/><N who="0" m="31008" /><T128/><D117/><U82/><E116/><V58/><F58/><T104/><D104/><U60/><E108/><N who="2" m="41515" /><F0/><T69/><D41/><U42/><E133/><N who="0" m="51305" /><D72/><U38/><E125/><V51/><F51/><T135/><N who="0" m="51313" /><T119/><DORA hai="118" /><D119/><U39/><E105/><V124/><F124/><T86/><D128/><U74/><E74/><V77/><F77/><T106/><D106/><U81/><E59/><V89/><F89/><T50/><D69/><U52/><E52/><V88/><F88/><T62/><D61/><U122/><N who="1" m="31264" /><U71/><E71/><V109/><F109/><T48/><D62/><U126/><E126/><V123/><N who="2" m="31520" /><V97/><F103/><AGARI ba="1,0" hai="38,39,42,43,60,63,81,82,84,85,93,95,102,103" m="31264" machi="103" ten="25,6400,0" yaku="22,2,52,2" doraHai="75,118" who="1" fromWho="2" sc="317,0,376,66,357,-66,0,0" /><INIT seed="4,0,0,3,2,96" ten="317,442,291,0" oya="0" hai0="60,37,54,109,36,72,105,121,108,77,93,113,66" hai1="106,112,71,91,94,135,39,33,73,61,84,41,79" hai2="88,70,82,2,134,120,130,62,110,51,102,75,63" hai3=""/><T119/><N who="0" m="31008" /><T52/><D105/><U76/><E33/><V46/><N who="2" m="30752" /><V74/><F110/><N who="0" m="42602" /><D119/><U78/><E135/><V0/><F130/><T107/><D107/><U48/><E106/><V58/><F134/><T111/><N who="0" m="42610" /><T65/><DORA hai="118" /><D113/><U83/><E39/><N who="0" m="14921" /><D66/><U53/><E41/><V85/><F102/><T133/><D133/><U132/><E112/><V101/><F101/><T104/><D104/><U32/><E32/><V40/><F70/><T103/><D77/><U98/><E132/><V99/><F99/><T56/><D72/><U81/><E71/><V117/><F117/><T45/><D45/><U125/><E73/><V3/><REACH who="2" step="1"/><F63/><REACH who="2" ten="317,442,281,0" step="2"/><T49/><D49/><U116/><E61/><V57/><F57/><T123/><N who="0" m="31520" /><T122/><N who="0" m="31264" /><T124/><D124/><U35/><E125/><V68/><F68/><T44/><D44/><U67/><E35/><V129/><F129/><T90/><D103/><U127/><E127/><V89/><F89/><T128/><D128/><U43/><E116/><V59/><F59/><T100/><D100/><U1/><E91/><V87/><F87/><AGARI ba="0,1" hai="52,54,56,60,65,87,90,93" m="31264,31520,14921,42610,31008" machi="87" ten="40,24000,3" yaku="10,1,52,6,54,1" doraHai="96,118" who="0" fromWho="2" sc="317,250,442,0,281,-240,0,0" /><INIT seed="4,1,0,4,4,74" ten="567,442,41,0" oya="0" hai0="72,101,55,122,90,62,107,127,111,66,47,106,94" hai1="82,44,135,89,117,58,52,93,83,34,91,78,42" hai2="77,49,131,41,86,60,50,1,33,88,80,43,133" hai3=""/><T92/><N who="0" m="31264" /><T0/><D0/><U108/><E108/><V124/><F33/><T110/><D72/><U96/><E34/><V125/><F1/><T59/><D127/><N who="2" m="48714" /><F133/><T119/><D119/><U54/><E135/><V53/><F131/><T134/><D134/><U71/><E71/><V75/><F60/><T121/><N who="0" m="31008" /><T63/><D47/><U64/><E117/><V118/><F118/><T95/><D90/><U38/><E89/><V73/><F73/><T126/><D126/><U114/><E114/><V98/><F98/><T115/><D115/><U79/><E64/><V56/><F50/><T2/><D2/><U129/><E129/><V104/><F104/><T97/><REACH who="0" step="1"/><D107/><REACH who="0" ten="557,442,41,0" step="2"/><U103/><E91/><V67/><F67/><T85/><D85/><U61/><REACH who="1" step="1"/><E54/><REACH who="1" ten="557,432,41,0" step="2"/><V99/><F99/><T113/><D113/><U48/><E48/><V39/><F39/><T69/><AGARI ba="1,2" hai="55,59,62,63,66,69,92,94,95,97,101,106,110,111" m="31008,31264" machi="69" ten="30,7800,0" yaku="1,1,0,1,52,2,53,0" doraHai="74" doraHaiUra="132" who="0" fromWho="0" sc="557,100,432,-40,41,-40,0,0" /><INIT seed="4,2,0,0,0,102" ten="657,392,1,0" oya="0" hai0="135,121,130,52,98,40,124,63,114,86,104,84,132" hai1="93,78,58,126,120,105,129,54,39,33,119,96,34" hai2="57,2,44,90,82,45,38,64,55,56,103,101,72" hai3=""/><T88/><N who="0" m="31008" /><T83/><D114/><U65/><E96/><V46/><F2/><T32/><D32/><U116/><E93/><V123/><N who="2" m="31520" /><V36/><F46/><T134/><D124/><U68/><E54/><V3/><F3/><T61/><D130/><U71/><E58/><V92/><F55/><T41/><D86/><U110/><E78/><V49/><F72/><T75/><D75/><U69/><E65/><V131/><F131/><T95/><D104/><U43/><E68/><V53/><F53/><T108/><D108/><U74/><E69/><V77/><F77/><T80/><D80/><U112/><E43/><N who="0" m="16457" /><D52/><U0/><E34/><V47/><F82/><T106/><D106/><U115/><E115/><V127/><F127/><T113/><D113/><U37/><E116/><V87/><F64/><T67/><D67/><U85/><E85/><V97/><F101/><AGARI ba="2,0" hai="61,63,83,84,88,95,98,101,132,134,135" m="16457,31008" machi="101" ten="30,5800,0" yaku="20,1,52,1,54,1" doraHai="102" who="0" fromWho="2" sc="657,62,392,0,1,-62,0,0" owari="719,67.0,392,-1.0,-61,-66.0,0,0.0" /></mjloggm>