<mjloggm ver="2.3"><GO type="169" lobby="0"/><UN n0="%EF%BC%9D%E9%B7%BA%E6%A3%AE%E7%81%BC%EF%BC%9D" n1="%73%61%6E%67%6F%64%64%6F" n2="%E6%9C%A8%E5%8E%9F%E8%B1%AA%E4%B8%80" n3="%4D%73%75%7A%75%74%6F" dan="18,16,17,16" rate="2257.39,2177.36,2152.83,2122.01" sx="F,M,M,M"/><TAIKYOKU oya="0"/><INIT seed="0,0,0,0,0,114" ten="250,250,250,250" oya="0" hai0="54,21,67,125,25,68,3,17,120,112,29,52,113" hai1="119,102,20,64,89,42,14,134,32,15,82,55,28" hai2="59,126,117,66,30,103,23,49,115,90,10,77,48" hai3="85,93,86,5,0,72,116,69,63,56,105,130,37"/><T111/><D120/><U51/><E32/><V57/><F115/><W8/><G105/><T13/><D125/><U16/><E134/><V46/><F126/><W124/><G72/><T7/><D112/><U53/><E102/><V38/><F38/><W104/><G104/><T95/><D113/><U131/><E131/><V22/><F103/><W19/><G130/><T26/><D26/><U9/><E119/><V101/><F77/><W40/><G116/><T27/><D25/><U107/><E107/><V96/><F90/><W41/><G69/><T12/><D12/><U70/><E64/><V2/><F10/><W81/><G93/><T47/><D111/><U127/><E70/><V80/><F80/><W94/><G94/><T24/><D24/><U79/><E89/><V31/><F2/><W78/><G19/><T43/><D67/><U35/><E35/><V61/><F117/><W44/><G41/><T83/><D68/><U118/><E118/><V74/><F74/><N who="3" m="43223" /><G124/><T88/><D83/><U11/><E28/><V75/><F75/><W33/><G33/><N who="0" m="20671" /><D47/><N who="1" m="26103" /><E127/><V92/><F57/><W100/><G100/><T45/><D43/><U132/><E132/><V58/><F58/><W123/><G123/><T108/><D45/><U73/><E11/><V50/><REACH who="2" step="1"/><F46/><REACH who="2" ten="250,250,240,250" step="2"/><W128/><G128/><T62/><D108/><U60/><E73/><V36/><F36/><W133/><G133/><T1/><D1/><U135/><E135/><V76/><F76/><W65/><AGARI ba="0,1" hai="0,5,8,37,40,44,56,63,65,85,86" m="43223" machi="65" ten="30,1100,0" yaku="25,1" doraHai="114" who="3" fromWho="3" sc="250,-5,250,-3,240,-3,250,21" /><INIT seed="1,0,0,0,5,49" ten="245,247,237,271" oya="1" hai0="44,72,74,45,17,70,114,116,77,62,6,68,102" hai1="128,5,9,19,2,65,78,111,109,85,41,11,120" hai2="71,106,31,89,37,79,14,18,76,130,24,39,84" hai3="7,133,105,104,117,110,118,115,123,26,92,58,1"/><U33/><E120/><V51/><F71/><W69/><G69/><T95/><D114/><U30/><E65/><V28/><F106/><W12/><G115/><T93/><D6/><U66/><E66/><V119/><F119/><N who="3" m="45579" /><G123/><T75/><D116/><U113/><E41/><V34/><F130/><W126/><G1/><T73/><D73/><U40/><E40/><V47/><F31/><W132/><G110/><N who="1" m="41994" /><E113/><V97/><F97/><W103/><G26/><T83/><D75/><U122/><E122/><V101/><F101/><W127/><G58/><T52/><D102/><U108/><N who="1" m="42002" /><U129/><DORA hai="35" /><E78/><V4/><F39/><W121/><G121/><T3/><D77/><U25/><E85/><V38/><F38/><W8/><G92/><T135/><D83/><U112/><E112/><V82/><F37/><W21/><G21/><T80/><D80/><U100/><E100/><V94/><F94/><W67/><G67/><T59/><D74/><U46/><E46/><V15/><F4/><W81/><G81/><T88/><D95/><U64/><E64/><V56/><F56/><W124/><G103/><T60/><D72/><U50/><E50/><V57/><F57/><W29/><G29/><T91/><D59/><U55/><E55/><N who="2" m="30207" /><F79/><W32/><G32/><T98/><D93/><U53/><E53/><V134/><F76/><W54/><G54/><T16/><D52/><U99/><E99/><V125/><F82/><W13/><G13/><AGARI ba="0,0" hai="2,5,9,11,13,19,25,30,33,128,129" m="42002" machi="13" ten="40,12000,1" yaku="14,1,10,1,34,2,52,1" doraHai="49,35" who="1" fromWho="3" sc="245,0,247,120,237,0,271,-120" /><INIT seed="1,1,0,2,0,103" ten="245,367,237,151" oya="1" hai0="104,110,23,75,71,117,116,94,84,111,14,78,56" hai1="130,65,57,41,114,66,135,134,10,97,69,122,9" hai2="93,90,59,123,13,77,102,127,63,70,35,109,38" hai3="82,53,133,108,106,61,1,11,44,120,24,20,6"/><U100/><E122/><V91/><F123/><W64/><G106/><T55/><D71/><U121/><E121/><V131/><F38/><W89/><G133/><N who="1" m="50698" /><E69/><V15/><F35/><W86/><G108/><N who="0" m="41515" /><D75/><U39/><E114/><V30/><F70/><W101/><G101/><T80/><D94/><U95/><E130/><V47/><F30/><W21/><G120/><T5/><D104/><U118/><E118/><V119/><F119/><W98/><G98/><T46/><D46/><N who="1" m="23871" /><E57/><V79/><F47/><W72/><G72/><T45/><D45/><U107/><E95/><V19/><F131/><W28/><G44/><T62/><D5/><U3/><E3/><V4/><F93/><W26/><G53/><T129/><D129/><U17/><E17/><AGARI ba="1,0" hai="14,17,23,55,56,62,78,80,84,116,117" m="41515" machi="17" ten="30,1000,0" yaku="14,1" doraHai="103" who="0" fromWho="1" sc="245,13,367,-13,237,0,151,0" /><INIT seed="2,0,0,5,2,20" ten="258,354,237,151" oya="2" hai0="40,89,32,65,37,102,63,70,112,101,85,5,115" hai1="76,133,130,38,52,84,66,131,96,122,79,47,83" hai2="43,113,33,129,4,98,29,95,82,14,27,67,13" hai3="31,56,111,75,110,124,64,17,0,92,46,107,48"/><V34/><F113/><W28/><G107/><T42/><D32/><U18/><E133/><V103/><F129/><N who="1" m="49161" /><E66/><V104/><F43/><W15/><G0/><T16/><D5/><U123/><E79/><V81/><F34/><W12/><G75/><T23/><D112/><U60/><E96/><V94/><F67/><W57/><G124/><T100/><D37/><U135/><E135/><V127/><F127/><W72/><G72/><T39/><D39/><U114/><E114/><V53/><F53/><W10/><G92/><T26/><REACH who="0" step="1"/><D115/><REACH who="0" ten="248,354,237,151" step="2"/><U58/><E18/><V99/><F104/><W121/><G121/><T80/><AGARI ba="0,1" hai="16,23,26,40,42,63,65,70,80,85,89,100,101,102" machi="80" ten="30,8000,1" yaku="1,1,2,1,0,1,52,1,54,1,53,0" doraHai="20" doraHaiUra="117" who="0" fromWho="0" sc="248,90,354,-20,237,-40,151,-20" /><INIT seed="3,0,0,4,0,44" ten="338,334,197,131" oya="3" hai0="26,64,98,78,12,62,70,126,58,101,108,113,23" hai1="11,75,83,30,72,46,82,45,15,125,54,103,9" hai2="39,106,112,87,33,6,25,73,130,90,121,53,16" hai3="31,29,42,19,57,7,40,50,69,47,122,22,131"/><W27/><G69/><T4/><D108/><U110/><E110/><V96/><F112/><W99/><G122/><T92/><D113/><U60/><E125/><V105/><F73/><W104/><G131/><T3/><D126/><U55/><E60/><V80/><F39/><W119/><G119/><T37/><D37/><U43/><E30/><V133/><F6/><W97/><G7/><T124/><D124/><U48/><E103/><V128/><F133/><W36/><G104/><T17/><D78/><U66/><E66/><V2/><F2/><W107/><G107/><T18/><D3/><U14/><E43/><V51/><F121/><W132/><G132/><T8/><REACH who="0" step="1"/><D70/><REACH who="0" ten="328,334,197,131" step="2"/><U86/><E75/><V52/><F130/><W89/><G36/><T123/><D123/><U81/><E72/><V20/><F128/><W32/><G32/><T94/><D94/><U93/><E93/><N who="2" m="56375" /><F106/><W24/><G97/><T111/><D111/><U118/><E118/><V21/><F105/><W74/><G74/><T34/><D34/><U41/><E86/><V114/><F33/><W109/><G109/><T77/><D77/><U63/><E83/><V76/><F114/><W95/><G57/><T134/><D134/><U10/><E82/><V65/><F80/><W85/><G85/><T84/><D84/><U115/><E81/><V28/><F87/><W116/><G116/><T117/><D117/><U120/><E120/><V0/><F76/><W13/><G40/><T68/><D68/><U100/><E115/><V79/><F79/><W127/><G127/><T59/><D59/><N who="1" m="35327" /><E100/><V35/><F35/><RYUUKYOKU ba="0,1" sc="328,10,334,10,197,-30,131,10" hai0="4,8,12,17,18,23,26,58,62,64,92,98,101" hai1="9,10,11,14,15,41,45,46,48,54" hai3="13,19,22,24,27,29,31,42,47,50,89,95,99" /><INIT seed="3,1,1,0,5,87" ten="338,344,167,141" oya="3" hai0="69,99,8,78,9,43,91,63,12,41,82,115,124" hai1="128,110,38,10,49,55,123,131,121,36,71,108,98" hai2="39,76,64,26,83,120,2,93,94,119,6,52,62" hai3="67,7,16,86,30,126,19,95,70,20,53,57,135"/><W47/><G135/><T22/><D115/><U103/><E10/><V66/><F119/><W54/><G126/><T24/><D124/><U92/><E71/><V48/><F39/><N who="1" m="14889" /><E103/><V107/><F107/><W111/><G70/><T89/><D8/><U74/><E74/><V73/><F120/><W80/><G95/><T27/><D27/><U58/><E92/><V100/><F100/><W118/><G118/><T130/><D130/><N who="1" m="49707" /><E98/><V23/><F6/><W105/><G111/><AGARI ba="1,1" hai="49,55,58,108,110,111,121,123" m="49707,14889" machi="111" ten="40,8000,1" yaku="14,1,19,1,34,2" doraHai="87" who="1" fromWho="3" sc="338,0,344,93,167,0,141,-83" /><INIT seed="4,0,0,4,2,100" ten="338,437,167,58" oya="0" hai0="41,99,63,12,30,114,7,132,16,66,111,117,65" hai1="46,17,31,93,135,44,20,62,115,107,103,28,122" hai2="95,19,89,55,112,110,38,76,64,35,56,34,9" hai3="29,116,106,8,125,133,21,48,91,60,128,37,69"/><T15/><D117/><U10/><E122/><V5/><F38/><W78/><G78/><T75/><D75/><U18/><E135/><V97/><F112/><W61/><G91/><T123/><D123/><U49/><E115/><V73/><F110/><W45/><G21/><T102/><D114/><U23/><E62/><V104/><F64/><N who="3" m="41095" /><G8/><T127/><D127/><U25/><E10/><V50/><F104/><W80/><G80/><T33/><D132/><U13/><E93/><V131/><F73/><W43/><G106/><T27/><D111/><U87/><E87/><V52/><F76/><W98/><G98/><T121/><D121/><U90/><E90/><V14/><F131/><W1/><G29/><T53/><D41/><U72/><E72/><V81/><F81/><W83/><G83/><T85/><D53/><U70/><E70/><V51/><F5/><W126/><G1/><T77/><D65/><U120/><E120/><V124/><F124/><W57/><G133/><T36/><D36/><U59/><E59/><AGARI ba="0,0" hai="9,14,19,34,35,50,51,52,55,56,59,89,95,97" machi="59" ten="30,3900,0" yaku="7,1,9,1,54,1" doraHai="100" who="2" fromWho="1" sc="338,0,437,-39,167,39,58,0" /><INIT seed="5,0,0,0,1,118" ten="338,398,206,58" oya="1" hai0="21,32,48,87,107,132,94,90,44,0,7,126,41" hai1="15,60,1,99,64,14,103,45,40,50,43,33,111" hai2="37,105,125,26,82,59,54,91,42,30,102,114,77" hai3="39,3,18,10,88,93,121,98,75,19,46,86,85"/><U81/><E1/><V5/><F5/><W112/><G75/><T51/><D32/><U72/><E33/><V49/><F125/><W131/><G112/><T127/><D132/><U27/><E111/><V108/><F108/><W116/><G131/><T16/><D107/><U52/><E27/><V58/><F37/><W13/><G3/><T115/><D115/><U12/><E81/><V55/><F42/><W100/><G116/><T73/><D73/><U80/><E80/><V22/><F91/><W61/><G61/><T35/><D35/><U56/><REACH who="1" step="1"/><E72/><REACH who="1" ten="338,388,206,58" step="2"/><V84/><F114/><W11/><G121/><T106/><D127/><U20/><E20/><V31/><F22/><W17/><G85/><T67/><D126/><U101/><E101/><V9/><F26/><W135/><G135/><T130/><D21/><U119/><E119/><V69/><F102/><W74/><G74/><T53/><D0/><U109/><E109/><V6/><F82/><W63/><G63/><T62/><D62/><U76/><E76/><V133/><F77/><W8/><G39/><T2/><D90/><U124/><E124/><V129/><F84/><W104/><REACH who="3" step="1"/><G46/><REACH who="3" ten="338,388,206,48" step="2"/><T128/><D44/><U4/><E4/><AGARI ba="0,2" hai="4,8,10,11,13,17,18,19,86,88,93,98,100,104" machi="4" ten="40,8000,1" yaku="1,1,2,1,54,1,53,1" doraHai="118" doraHaiUra="96" who="3" fromWho="1" sc="338,0,388,-80,206,0,48,100" /><INIT seed="6,0,0,0,1,84" ten="338,308,206,148" oya="2" hai0="7,47,135,30,75,49,87,99,89,1,15,72,59" hai1="21,88,119,128,106,52,63,77,67,10,92,64,107" hai2="18,0,19,42,125,96,34,38,112,70,11,78,105" hai3="85,102,26,121,8,100,97,61,71,126,16,79,32"/><V117/><F117/><W94/><G121/><T2/><D30/><U23/><E119/><V123/><F123/><W98/><G126/><T6/><D1/><U43/><E43/><V37/><F70/><W28/><G71/><T131/><D2/><U41/><E41/><V3/><F34/><W22/><G61/><T13/><D75/><U31/><E128/><V56/><F78/><W133/><G133/><T14/><D72/><U60/><E77/><V130/><F56/><W27/><G8/><T116/><D116/><U9/><E31/><V39/><F42/><W35/><G79/><T4/><D135/><U33/><E33/><V80/><F80/><W12/><G85/><T68/><D68/><U111/><E111/><V134/><F134/><W46/><G46/><T109/><D109/><U25/><E25/><V86/><F86/><W65/><G65/><T118/><D131/><U24/><E24/><V50/><F125/><W90/><G98/><T83/><D118/><U69/><E69/><V45/><F130/><W48/><G48/><T122/><D122/><U115/><E115/><V76/><F76/><W129/><G129/><T36/><D36/><U57/><E106/><V17/><F112/><W54/><G54/><N who="0" m="32207" /><D99/><N who="1" m="57735" /><E107/><V132/><F132/><W81/><G81/><T95/><D83/><U91/><E63/><V127/><F127/><W74/><G74/><T44/><AGARI ba="0,0" hai="4,6,7,13,14,15,44,47,87,89,95" m="32207" machi="44" ten="40,2700,0" yaku="8,1,52,1" doraHai="84" who="0" fromWho="0" sc="338,27,308,-7,206,-13,148,-7" /><INIT seed="7,0,0,0,4,99" ten="365,301,193,141" oya="3" hai0="96,111,3,29,109,12,90,72,73,17,26,50,108" hai1="78,16,110,60,7,112,25,15,32,66,133,100,67" hai2="120,28,97,42,52,13,47,4,77,5,135,62,45" hai3="34,23,27,20,118,95,57,89,101,44,69,104,130"/><W36/><G69/><T127/><D3/><U86/><E112/><V63/><F135/><W65/><G118/><T107/><D127/><U1/><E133/><V93/><F120/><W14/><G104/><T71/><D71/><U6/><E110/><V88/><F77/><W123/><G123/><T58/><D50/><U94/><E1/><V129/><F129/><W98/><G34/><T124/><D124/><U21/><E78/><V68/><F68/><W134/><G134/><T24/><D58/><U61/><E32/><V82/><F82/><W33/><G33/><T2/><D2/><U76/><E61/><N who="2" m="23051" /><F28/><N who="3" m="17511" /><G65/><T121/><D121/><U54/><E54/><V125/><F125/><W56/><G36/><T30/><D107/><U113/><E113/><V115/><F115/><W84/><G44/><N who="2" m="16969" /><F42/><W81/><G130/><T19/><D109/><U22/><E76/><V79/><F79/><W114/><G114/><T87/><D87/><U83/><E83/><V91/><F52/><W128/><G128/><T43/><D96/><N who="1" m="59415" /><E86/><V35/><F35/><W59/><G14/><T119/><D12/><U80/><E80/><V131/><F131/><W11/><G23/><T116/><D43/><U10/><E66/><V117/><F117/><W106/><G106/><T18/><D18/><N who="1" m="12503" /><E21/><V0/><F0/><W55/><G11/><T92/><D92/><U31/><E31/><V64/><F64/><W75/><G75/><T102/><D111/><U48/><E67/><V9/><F5/><N who="1" m="1545" /><E60/><AGARI ba="0,0" hai="55,56,57,59,60,81,84,89,95,98,101" m="17511" machi="60" ten="30,2900,0" yaku="8,1,52,1" doraHai="99" who="3" fromWho="1" sc="365,0,301,-29,193,0,141,29" /><INIT seed="7,1,0,4,4,99" ten="365,272,193,170" oya="3" hai0="31,100,135,102,81,3,117,27,43,33,52,9,86" hai1="0,85,2,94,106,79,39,19,76,42,38,74,91" hai2="113,96,68,87,4,47,17,40,62,89,110,92,57" hai3="129,53,82,44,26,25,34,112,36,114,55,54,75"/><W67/><G67/><T98/><D117/><U133/><E133/><V119/><F110/><W18/><G18/><T24/><D135/><U60/><E42/><V45/><F119/><W97/><G75/><T78/><D43/><U124/><E124/><V73/><F73/><W51/><G82/><T6/><D98/><U11/><E106/><V121/><F68/><W21/><G36/><T28/><D52/><N who="3" m="20073" /><G34/><AGARI ba="1,0" hai="3,6,9,24,27,28,31,33,34,78,81,86,100,102" machi="34" ten="30,7700,0" yaku="7,1,9,1,52,2" doraHai="99" who="0" fromWho="3" sc="365,80,272,0,193,0,170,-80" owari="445,55.0,272,7.0,193,-21.0,90,-41.0" /></mjloggm>