<mjloggm ver="2.3"><GO type="169" lobby="0"/><UN n0="%E3%82%86%E3%81%84%E3%81%A1%E3%82%83%E3%82%93%E3%81%AE%E3%83%91%E3%83%91" n1="%E3%82%BB%E3%83%96%E3%83%AB%E3%82%B9" n2="%E6%B0%B4%E5%93%89%E3%81%AE%E3%83%AC%E3%82%B8%E3%82%A7%E3%83%B3%E3%83%89" n3="%E3%81%B5%E3%81%BF%4B%55%4E" dan="18,16,16,16" rate="2280.01,2126.47,2158.76,2086.40" sx="M,F,M,M"/><TAIKYOKU oya="0"/><INIT seed="0,0,0,1,5,43" ten="250,250,250,250" oya="0" hai0="81,130,50,118,56,100,37,40,70,39,103,129,117" hai1="4,132,64,18,9,11,114,105,62,95,133,41,36" hai2="16,85,58,61,87,17,13,116,46,110,101,30,121" hai3="22,122,33,125,84,88,7,31,59,82,131,106,77"/><T90/><D90/><U96/><E105/><V109/><F121/><W45/><G106/><T20/><D81/><U49/><E36/><N who="0" m="13897" /><D20/><U72/><E72/><V120/><F120/><W44/><G33/><T65/><D100/><U126/><E114/><V15/><F116/><N who="0" m="44650" /><D103/><U128/><E18/><V112/><F112/><W71/><G71/><T92/><D92/><U14/><E11/><V67/><F101/><W28/><G122/><T74/><D74/><U108/><E95/><V38/><F30/><N who="3" m="11307" /><G131/><N who="0" m="50187" /><D70/><U8/><E128/><V42/><F15/><W19/><G7/><T55/><D40/><U23/><E4/><V102/><F102/><W48/><G77/><T0/><D0/><U68/><E14/><V54/><F17/><W75/><G75/><T21/><D21/><U119/><E23/><V25/><F25/><N who="3" m="14559" /><G125/><T2/><D2/><U73/><E126/><V91/><F87/><W5/><G5/><T113/><D113/><U34/><E73/><V32/><F32/><W3/><G3/><T97/><D97/><U98/><E98/><V124/><F124/><W69/><G69/><T51/><D65/><U135/><E96/><V12/><F67/><W1/><G1/><T99/><D99/><U123/><E34/><V66/><F66/><W80/><G82/><T89/><D89/><U57/><E68/><V79/><F79/><W24/><G24/><T26/><D26/><U76/><E119/><V107/><F107/><W60/><G80/><T86/><D86/><U52/><E76/><V127/><F127/><W10/><G10/><T29/><D29/><U111/><E9/><RYUUKYOKU ba="0,0" sc="250,30,250,-10,250,-10,250,-10" hai0="50,51,55,56" /><INIT seed="0,1,0,4,0,96" ten="280,240,240,240" oya="0" hai0="70,44,115,23,116,121,42,12,41,36,133,43,64" hai1="77,125,38,100,33,39,131,29,37,104,60,134,72" hai2="112,123,113,87,92,46,135,84,45,27,30,58,73" hai3="25,52,13,78,54,75,69,90,50,83,47,55,89"/><T51/><D121/><U127/><E131/><V105/><F123/><W10/><G69/><T97/><D116/><U88/><E134/><V106/><F73/><W91/><REACH who="3" step="1"/><G25/><REACH who="3" ten="280,240,240,230" step="2"/><T117/><D117/><U111/><E127/><V49/><F27/><W130/><G130/><T26/><D133/><U108/><E125/><V94/><F135/><W120/><G120/><T3/><D115/><U0/><E111/><V95/><F113/><W63/><G63/><T98/><D70/><U22/><E108/><V82/><F112/><W28/><G28/><T74/><D36/><U20/><E60/><V59/><F30/><W56/><G56/><T8/><D3/><U86/><E0/><V14/><F58/><W5/><AGARI ba="1,1" hai="5,10,13,47,50,52,54,55,75,78,83,89,90,91" machi="5" ten="30,7900,0" yaku="1,1,0,1,54,1,53,1" doraHai="96" doraHaiUra="1" who="3" fromWho="3" sc="280,-40,240,-21,240,-21,230,92" /><INIT seed="1,0,0,0,4,116" ten="240,219,219,322" oya="1" hai0="54,107,15,83,52,47,71,112,91,111,131,127,134" hai1="135,53,2,92,46,75,115,5,69,22,27,102,128" hai2="19,29,68,26,25,66,93,3,51,0,133,90,124" hai3="48,121,4,61,105,81,99,30,94,1,101,76,97"/><U39/><E115/><V43/><F133/><W118/><G118/><T17/><D112/><U56/><E69/><V11/><F124/><W77/><G30/><T108/><D127/><U88/><E75/><V85/><F68/><W95/><G61/><T103/><D71/><U16/><E135/><V100/><F66/><W35/><G35/><T8/><D134/><U14/><E128/><V106/><F106/><W130/><G130/><T96/><D131/><U45/><E2/><V9/><F100/><W57/><G57/><T6/><D6/><U72/><E72/><V87/><F87/><W33/><G33/><T132/><D132/><U37/><E102/><V58/><F3/><W31/><G31/><T13/><D13/><U36/><E5/><V110/><F0/><W109/><G48/><N who="0" m="28703" /><D54/><U117/><E117/><V119/><F119/><W24/><G4/><T63/><D63/><N who="1" m="36239" /><E14/><V129/><F129/><W62/><G1/><T126/><D126/><U82/><E82/><V84/><F26/><W44/><G24/><T122/><D122/><U18/><E18/><V64/><F19/><W78/><G81/><T28/><D28/><U10/><E10/><V7/><F11/><W89/><G121/><T12/><D12/><U79/><E79/><V55/><F9/><W80/><G80/><T120/><D120/><U114/><E114/><V65/><F7/><W40/><G105/><T86/><AGARI ba="0,0" hai="8,15,17,83,86,91,96,103,107,108,111" m="28703" machi="86" ten="30,2000,0" yaku="25,1,54,1" doraHai="116" who="0" fromWho="0" sc="240,20,219,-10,219,-5,322,-5" /><INIT seed="2,0,0,3,4,39" ten="260,209,214,317" oya="2" hai0="60,2,46,86,26,9,34,135,24,5,41,22,95" hai1="105,63,91,8,120,108,111,38,79,36,19,100,50" hai2="117,92,104,21,85,29,17,89,57,83,90,133,20" hai3="68,82,11,53,12,30,28,6,131,1,31,80,116"/><V66/><F117/><W99/><G116/><T93/><D135/><U71/><E120/><V45/><F104/><W7/><G68/><T27/><D34/><U118/><E118/><V94/><F133/><W35/><G35/><T69/><D22/><U87/><E79/><V37/><F29/><W48/><G131/><T130/><D130/><U121/><E121/><V4/><F4/><W72/><G72/><T52/><D86/><U103/><E50/><V56/><F83/><W3/><G99/><T16/><D16/><U125/><E125/><V78/><F78/><W54/><G12/><T110/><D110/><U67/><E38/><V23/><F17/><W18/><G18/><T119/><D119/><U109/><E36/><V112/><F66/><W124/><G124/><T65/><REACH who="0" step="1"/><D52/><REACH who="0" ten="250,209,214,317" step="2"/><U15/><REACH who="1" step="1"/><E105/><REACH who="1" ten="250,199,214,317" step="2"/><V49/><F112/><W32/><G32/><T42/><D42/><U43/><E43/><N who="2" m="24767" /><F37/><AGARI ba="0,2" hai="2,5,9,24,26,27,37,41,46,60,65,69,93,95" machi="37" ten="40,2600,0" yaku="1,1,52,1,53,0" doraHai="39" doraHaiUra="14" who="0" fromWho="2" sc="250,46,199,0,214,-26,317,0" /><INIT seed="3,0,0,5,1,35" ten="296,199,188,317" oya="3" hai0="38,117,97,34,99,25,78,51,114,96,128,27,69" hai1="45,42,6,50,65,7,55,60,71,77,122,5,63" hai2="91,2,11,111,107,49,129,104,135,58,0,75,1" hai3="112,95,130,133,76,116,108,113,46,15,36,93,62"/><W131/><G116/><T86/><D38/><U59/><REACH who="1" step="1"/><E77/><REACH who="1" ten="296,189,188,317" step="2"/><V64/><F111/><W57/><G76/><T52/><D78/><U14/><E14/><V106/><F129/><W70/><G108/><T103/><D128/><U125/><E125/><V73/><F135/><W54/><G133/><T126/><D126/><U89/><E89/><V101/><F101/><W47/><G15/><T82/><D103/><U30/><E30/><V29/><F29/><W9/><G130/><T22/><D117/><U24/><E24/><V127/><F127/><W123/><G131/><T61/><D27/><U102/><E102/><V134/><F134/><W53/><G113/><T13/><D114/><U48/><E48/><V23/><F91/><W17/><G112/><T39/><D13/><U132/><E132/><V16/><F11/><W10/><G10/><T20/><D25/><U4/><N who="1" m="1024" /><DORA hai="88" /><U119/><E119/><V33/><F49/><W40/><G9/><T68/><D51/><U109/><E109/><V32/><F2/><W80/><G36/><T43/><D39/><U115/><E115/><V66/><F104/><W110/><G110/><T72/><D34/><U12/><E12/><V92/><F1/><W74/><G123/><AGARI ba="0,1" hai="42,45,50,55,59,60,63,65,71,122,123" m="1024" machi="123" ten="50,3200,0" yaku="21,2,53,0" doraHai="35,88" doraHaiUra="90,31" who="1" fromWho="3" sc="296,0,189,42,188,0,317,-32" /><INIT seed="4,0,0,0,4,24" ten="296,231,188,285" oya="0" hai0="114,120,107,124,121,122,77,129,2,53,64,34,56" hai1="63,67,10,17,7,74,15,20,49,97,103,87,123" hai2="95,134,57,51,9,113,80,69,73,8,26,50,13" hai3="101,112,68,88,96,128,65,91,76,31,72,12,27"/><T41/><D107/><U40/><E74/><V30/><F69/><W99/><G112/><T45/><D2/><U18/><E123/><V47/><F113/><W60/><G128/><T90/><D34/><U25/><E87/><V131/><F131/><W23/><G99/><T105/><D105/><U46/><E97/><V135/><F57/><W89/><G76/><T14/><D114/><U43/><E103/><V42/><F50/><W32/><G72/><T125/><D129/><U111/><E111/><V5/><F95/><W117/><G117/><T58/><D14/><U98/><E98/><V16/><F80/><W36/><G36/><N who="0" m="21671" /><D90/><U6/><REACH who="1" step="1"/><E43/><REACH who="1" ten="296,221,188,285" step="2"/><V130/><F73/><W55/><G101/><T118/><D118/><U29/><E29/><V62/><F130/><W59/><G96/><T133/><D77/><U52/><E52/><V82/><F82/><W75/><G75/><T39/><D121/><U0/><E0/><V33/><REACH who="2" step="1"/><F62/><REACH who="2" ten="296,221,178,285" step="2"/><W104/><G104/><T38/><D122/><U81/><E81/><V66/><F66/><W108/><G65/><T127/><D120/><U21/><E21/><V106/><F106/><W3/><G23/><T37/><D64/><U126/><E126/><V109/><F109/><W61/><G61/><T1/><D124/><U11/><E11/><V4/><F4/><W119/><G60/><T71/><D125/><U83/><E83/><V78/><F78/><W84/><G108/><T44/><D127/><U22/><E22/><V110/><F110/><W116/><G116/><T70/><D53/><U48/><E48/><V28/><F28/><RYUUKYOKU ba="0,2" sc="296,-15,221,15,178,15,285,-15" hai1="6,7,10,15,17,18,20,25,40,46,49,63,67" hai2="5,8,9,13,16,26,30,33,42,47,51,134,135" /><INIT seed="5,1,2,2,3,37" ten="281,236,193,270" oya="1" hai0="32,35,113,50,43,118,92,123,65,97,2,73,13" hai1="47,68,53,102,46,117,120,18,56,96,82,128,5" hai2="39,129,9,78,108,98,41,0,122,15,131,75,34" hai3="135,19,27,42,48,76,54,63,38,126,59,69,134"/><U125/><E117/><V121/><F108/><W14/><G76/><T81/><D2/><U109/><E120/><V40/><F34/><W49/><G27/><T64/><D118/><U16/><E68/><V104/><F0/><W84/><G84/><T55/><D123/><U79/><E109/><V12/><F39/><W21/><G126/><T10/><D113/><U103/><E125/><V17/><F15/><W8/><G8/><T100/><D35/><U25/><E5/><V107/><F121/><W4/><G4/><T72/><D32/><U115/><E128/><N who="2" m="49227" /><F122/><W61/><G61/><T116/><D72/><U112/><E47/><V7/><F7/><W132/><G69/><T29/><D73/><U74/><E46/><AGARI ba="1,2" hai="14,19,21,38,42,46,48,49,54,59,63,132,134,135" machi="46" ten="40,2600,0" yaku="20,1,52,1" doraHai="37" who="3" fromWho="1" sc="281,0,236,-29,193,0,270,49" /><INIT seed="6,0,0,1,5,114" ten="281,207,193,319" oya="2" hai0="33,116,37,61,109,119,41,32,10,78,1,54,58" hai1="129,65,73,23,7,57,128,44,59,83,91,9,98" hai2="2,95,38,106,105,86,87,15,113,48,123,96,112" hai3="92,103,51,45,111,104,120,27,133,13,56,18,122"/><V29/><F2/><W30/><G111/><T17/><D109/><U74/><E44/><V25/><F38/><W43/><G104/><N who="2" m="40041" /><F15/><W84/><G56/><N who="1" m="21578" /><E65/><V62/><F48/><W124/><G103/><T85/><D41/><U49/><E49/><V126/><F62/><W72/><G72/><T3/><D37/><U52/><E52/><V71/><F71/><W77/><G27/><T94/><D17/><U60/><E60/><V5/><F5/><W79/><G30/><T131/><D131/><N who="1" m="50251" /><E23/><V36/><F36/><W21/><G21/><T118/><D10/><U110/><E110/><V16/><F123/><W88/><G120/><T134/><D134/><U127/><E7/><V125/><F16/><W75/><G133/><T135/><D135/><U130/><E9/><V108/><F108/><W31/><G18/><T99/><D33/><U50/><E50/><V76/><F25/><W24/><G51/><T14/><D32/><U90/><E130/><V63/><F63/><W42/><G24/><T68/><D68/><U46/><E46/><V39/><F29/><W20/><G45/><T6/><D6/><U70/><E70/><V82/><F87/><W132/><G122/><T81/><D14/><U107/><E74/><V22/><F22/><W19/><G43/><T40/><D40/><U0/><E0/><V35/><F35/><W47/><G42/><T100/><AGARI ba="0,0" hai="1,3,54,58,61,78,81,85,94,99,100,116,118,119" machi="100" ten="30,8000,1" yaku="0,1,12,1,52,3" doraHai="114" who="0" fromWho="0" sc="281,80,207,-20,193,-40,319,-20" /><INIT seed="7,0,0,2,3,33" ten="361,187,153,299" oya="3" hai0="55,74,79,68,36,76,3,57,111,42,12,13,27" hai1="73,135,44,123,11,87,54,97,46,130,89,15,103" hai2="71,58,29,127,80,84,82,117,70,45,105,60,49" hai3="92,125,2,26,48,126,129,52,112,78,67,59,132"/><W41/><G112/><T65/><D3/><U94/><E123/><V77/><F117/><W121/><G121/><T108/><D27/><U31/><E73/><V35/><F127/><W113/><G113/><T115/><D115/><U124/><E130/><V95/><F105/><W47/><G78/><T43/><D74/><U116/><E124/><N who="3" m="47722" /><G132/><T110/><D76/><U96/><E135/><V14/><F35/><W102/><G26/><T81/><D81/><U25/><E116/><V8/><F29/><W56/><G102/><T90/><D90/><U106/><E54/><V85/><F95/><W104/><G92/><T118/><D79/><U107/><E97/><V72/><F82/><W19/><G19/><T122/><D122/><U64/><E64/><V16/><F84/><W120/><G104/><T128/><D118/><U131/><E107/><V83/><F83/><W1/><G120/><T63/><D128/><U66/><E66/><V5/><F72/><W50/><G129/><T18/><D18/><U10/><E131/><V32/><F32/><W24/><G24/><T119/><D119/><U53/><E53/><V38/><F38/><W7/><G7/><T134/><D134/><U23/><E11/><V30/><F30/><W86/><G86/><T37/><D37/><U114/><E114/><V9/><F9/><W109/><G109/><T22/><D36/><U34/><E34/><V99/><F99/><W93/><G93/><T20/><D20/><U62/><E62/><AGARI ba="0,0" hai="1,2,41,47,48,50,52,56,59,62,67" m="47722" machi="62" ten="30,11600,0" yaku="18,1,52,2,54,1" doraHai="33" who="3" fromWho="1" sc="361,0,187,-116,153,0,299,116" owari="361,16.0,71,-43.0,153,-25.0,415,52.0" /></mjloggm>