<mjloggm ver="2.3"><GO type="169" lobby="0"/><UN n0="%6B%69%79%6F%6E%61%72%69" n1="%28%E3%83%BB%EF%BC%8E%E3%83%BB%29" n2="%73%61%6E%67%6F%64%64%6F" n3="%E6%B0%B4%E5%93%89%E3%81%AE%E3%83%AC%E3%82%B8%E3%82%A7%E3%83%B3%E3%83%89" dan="16,17,16,16" rate="2081.91,2235.43,2175.42,2156.79" sx="M,F,M,M"/><TAIKYOKU oya="0"/><INIT seed="0,0,0,4,2,130" ten="250,250,250,250" oya="0" hai0="70,56,10,50,27,80,11,98,96,60,71,43,117" hai1="51,111,86,62,59,38,67,77,123,53,128,26,92" hai2="107,23,66,48,45,109,64,115,28,24,3,93,58" hai3="30,69,6,83,16,55,118,122,22,91,87,65,61"/><T101/><D117/><U42/><E26/><V120/><F107/><W32/><G118/><T95/><D27/><U94/><E123/><V54/><F115/><W47/><G122/><T134/><D80/><U125/><E77/><V97/><F109/><W9/><G32/><T29/><D29/><U33/><E33/><V114/><F114/><W102/><G102/><T37/><D37/><U104/><E104/><V57/><F3/><W36/><G30/><T73/><D73/><U21/><E21/><V7/><F7/><W88/><G91/><T13/><D11/><U82/><E82/><V113/><F113/><W116/><G116/><T127/><D127/><U4/><E4/><V79/><F79/><W52/><G47/><T20/><D20/><U119/><E119/><V112/><F120/><W25/><G36/><T132/><D98/><U5/><E5/><V121/><F112/><W31/><G31/><T14/><D50/><U18/><E18/><V133/><F121/><W49/><G49/><T135/><D43/><U41/><E86/><V19/><F28/><W129/><G129/><T68/><D10/><U1/><E128/><V44/><F66/><AGARI ba="0,0" hai="13,14,56,60,66,68,70,71,95,96,101,132,134,135" machi="66" ten="50,12000,1" yaku="20,1,52,3" doraHai="130" who="0" fromWho="2" sc="250,120,250,0,250,-120,250,0" /><INIT seed="0,1,0,2,1,16" ten="370,250,130,250" oya="0" hai0="117,11,84,64,131,92,97,25,34,89,103,55,56" hai1="126,69,118,51,19,33,58,46,116,28,91,114,83" hai2="62,76,60,112,88,71,98,36,30,67,77,90,109" hai3="80,50,121,95,29,38,105,41,130,106,82,39,65"/><T37/><D37/><U0/><E69/><V124/><F109/><W96/><G130/><T59/><D117/><U123/><E123/><V52/><F124/><W94/><G121/><T40/><D40/><U93/><E0/><V1/><F36/><W79/><G65/><T113/><D131/><U2/><E2/><V120/><F112/><W128/><G128/><T81/><D113/><U73/><E114/><V23/><F1/><W47/><G39/><T53/><D11/><U68/><E68/><V8/><F8/><W45/><G29/><T111/><D111/><U63/><E126/><V102/><F120/><W42/><G82/><T127/><D64/><U4/><E4/><V10/><F10/><W100/><REACH who="3" step="1"/><G106/><REACH who="3" ten="370,250,130,240" step="2"/><T48/><D127/><U75/><E83/><V5/><F5/><W125/><G125/><T35/><REACH who="0" step="1"/><D25/><REACH who="0" ten="360,250,130,240" step="2"/><U54/><E116/><V12/><F67/><W24/><G24/><T20/><D20/><U108/><E118/><V129/><F23/><W7/><G7/><T14/><D14/><U70/><E108/><V99/><F12/><W107/><G107/><T26/><D26/><U21/><E21/><V18/><F129/><W122/><G122/><T87/><D87/><AGARI ba="1,2" hai="38,41,42,45,47,50,79,80,87,94,95,96,100,105" machi="87" ten="30,2000,0" yaku="1,1,7,1,53,0" doraHai="16" doraHaiUra="22" who="3" fromWho="0" sc="360,-23,250,0,130,0,240,43" /><INIT seed="1,0,0,5,2,53" ten="337,250,130,283" oya="1" hai0="47,115,134,36,20,74,124,84,43,67,100,25,112" hai1="133,71,13,101,28,122,54,57,76,60,80,50,17" hai2="90,70,83,59,86,113,7,46,75,62,129,91,104" hai3="45,15,9,108,42,21,109,78,26,14,120,96,121"/><U88/><E133/><V107/><F129/><W63/><G78/><T69/><D74/><U119/><E119/><V103/><F70/><W117/><G96/><T131/><D100/><U35/><E122/><V110/><F110/><N who="3" m="42603" /><G117/><T97/><D131/><U51/><E101/><V56/><F113/><W2/><G63/><T19/><D134/><U40/><E71/><V10/><F46/><W87/><G87/><T65/><D97/><U94/><E40/><V32/><F32/><W99/><G99/><T4/><D4/><U39/><E39/><V125/><F125/><W123/><G45/><T73/><D73/><U105/><E105/><V8/><F103/><W1/><G42/><T126/><D84/><N who="1" m="48135" /><E28/><V41/><F41/><W82/><G82/><T18/><D69/><U102/><E35/><V34/><F34/><W89/><G89/><T111/><D111/><U64/><E64/><V6/><F75/><W5/><G2/><T114/><REACH who="0" step="1"/><D19/><AGARI ba="0,0" hai="1,5,9,14,15,19,21,26,120,121,123" m="42603" machi="19" ten="40,5200,0" yaku="14,1,34,2" doraHai="53" who="3" fromWho="0" sc="337,-52,250,0,130,0,283,52" /><INIT seed="2,0,0,1,4,93" ten="285,250,130,335" oya="2" hai0="80,47,55,118,87,43,31,15,23,51,130,125,114" hai1="36,42,75,7,21,78,5,39,99,62,44,82,28" hai2="77,14,9,50,108,106,122,3,34,56,100,128,112" hai3="131,113,102,1,4,101,32,66,111,19,8,63,91"/><V26/><F112/><W117/><G117/><T58/><D114/><U123/><E39/><V116/><F122/><W127/><G113/><T35/><D118/><U96/><E123/><V88/><F116/><W46/><G111/><T94/><D35/><U6/><REACH who="1" step="1"/><E62/><REACH who="1" ten="285,240,130,335" step="2"/><V90/><F108/><W109/><G63/><T53/><D51/><U85/><E85/><V54/><F128/><W70/><G109/><T20/><D87/><U105/><E105/><V33/><F3/><W121/><G1/><T40/><D130/><U65/><E65/><V129/><F129/><W89/><G66/><T57/><D125/><U17/><E17/><V37/><F37/><W2/><G19/><T73/><D73/><U0/><E0/><V115/><F115/><W107/><G2/><T11/><D31/><U83/><E83/><V98/><F77/><W49/><G107/><T74/><D80/><U67/><E67/><V132/><F132/><W41/><G121/><T61/><D61/><U92/><E92/><V119/><F119/><W104/><G104/><T13/><D94/><U133/><E133/><V29/><REACH who="2" step="1"/><F34/><REACH who="2" ten="285,240,120,335" step="2"/><W60/><G32/><T124/><D124/><U81/><E81/><V16/><AGARI ba="0,2" hai="9,14,16,26,29,33,50,54,56,88,90,98,100,106" machi="16" ten="20,18000,2" yaku="1,1,2,1,0,1,7,1,52,1,54,2,53,0" doraHai="93" doraHaiUra="18" who="2" fromWho="2" sc="285,-60,240,-60,120,200,335,-60" /><INIT seed="2,1,0,2,0,0" ten="225,180,320,275" oya="2" hai0="54,127,40,125,73,51,104,14,28,84,45,76,108" hai1="120,21,74,16,62,11,68,70,20,32,17,15,96" hai2="113,35,79,18,53,47,6,134,13,2,90,123,7" hai3="102,23,122,49,110,98,12,59,106,10,27,81,3"/><V75/><F123/><W39/><G122/><T101/><D108/><U100/><E120/><V126/><F75/><W50/><G110/><T56/><D73/><U121/><E121/><V94/><F79/><W26/><G39/><T109/><D109/><U58/><E32/><V66/><F113/><W1/><G81/><T33/><D76/><U91/><E74/><V22/><F2/><W124/><G124/><N who="0" m="47691" /><D84/><U99/><E91/><V89/><F35/><W87/><G87/><T115/><D14/><U19/><E70/><V38/><F134/><W4/><G27/><T117/><D117/><U37/><E68/><V46/><F66/><W93/><G106/><T92/><D104/><U107/><E37/><V128/><F128/><W69/><G69/><T60/><D115/><U63/><E99/><N who="2" m="57807" /><F38/><W71/><G71/><T67/><D101/><U72/><E72/><V36/><F36/><W9/><G59/><T82/><D92/><U25/><REACH who="1" step="1"/><E58/><REACH who="1" ten="225,170,320,275" step="2"/><V83/><F126/><W114/><G114/><T86/><D33/><U105/><E105/><V133/><F133/><W97/><G98/><T61/><D56/><U5/><E5/><N who="2" m="1547" /><F53/><W118/><G3/><T55/><D54/><U42/><E42/><V8/><F90/><W30/><G118/><T135/><D55/><U24/><AGARI ba="1,1" hai="11,15,16,17,19,20,21,24,25,62,63,96,100,107" machi="24" ten="20,8000,1" yaku="1,1,0,1,7,1,9,1,54,1,53,0" doraHai="0" doraHaiUra="119" who="1" fromWho="1" sc="225,-21,170,93,320,-41,275,-21" /><INIT seed="3,0,0,0,4,92" ten="204,263,279,254" oya="3" hai0="104,61,86,25,1,135,76,11,126,80,32,2,12" hai1="85,41,106,66,64,97,70,53,83,109,107,6,42" hai2="84,91,19,3,75,21,5,69,99,62,110,89,94" hai3="95,28,128,100,22,34,23,47,30,105,9,87,119"/><W72/><G72/><T33/><D104/><U71/><E85/><V108/><F75/><W90/><G119/><T4/><D135/><U101/><E83/><V16/><F5/><W49/><G128/><T0/><D126/><U36/><E101/><V74/><F3/><W115/><G115/><T51/><D61/><U116/><E53/><V120/><F74/><W114/><G114/><T77/><D77/><U8/><E8/><V37/><F37/><W112/><G112/><T38/><D38/><U122/><E36/><V132/><F132/><W46/><G46/><T131/><D131/><U63/><E63/><V98/><F120/><W52/><G9/><T68/><D68/><U54/><E54/><V82/><F62/><W130/><G130/><T121/><D121/><U18/><E122/><V15/><F69/><W125/><G125/><T117/><D117/><U96/><E116/><V40/><F40/><W118/><G118/><T65/><D65/><U58/><E18/><V123/><F123/><W67/><G67/><T56/><D25/><U26/><E26/><V35/><F35/><W88/><G90/><T129/><D129/><U7/><E109/><N who="2" m="42091" /><F19/><W79/><G79/><T43/><D43/><U81/><E81/><V73/><F73/><W31/><REACH who="3" step="1"/><G34/><REACH who="3" ten="204,263,279,244" step="2"/><T10/><D10/><U59/><AGARI ba="0,1" hai="6,7,41,42,58,59,64,66,70,71,96,97,106,107" machi="59" ten="25,8000,1" yaku="0,1,22,2,52,2" doraHai="92" who="1" fromWho="1" sc="204,-20,263,90,279,-20,244,-40" /><INIT seed="4,0,0,3,3,110" ten="184,353,259,204" oya="0" hai0="3,106,95,90,115,60,134,62,112,48,85,29,111" hai1="35,40,81,26,132,19,46,28,77,79,97,64,49" hai2="38,109,124,94,82,52,128,36,80,92,22,135,102" hai3="17,121,59,2,21,113,55,93,15,87,126,54,117"/><T120/><D134/><U99/><E132/><V74/><F135/><W84/><G117/><T9/><D120/><U73/><E79/><V6/><F109/><W129/><G121/><T68/><D111/><U13/><REACH who="1" step="1"/><E64/><REACH who="1" ten="184,343,259,204" step="2"/><V27/><F124/><W57/><G126/><T16/><D68/><U122/><E122/><V23/><F128/><W39/><G129/><T14/><D106/><U43/><E43/><V114/><F38/><W83/><G39/><T103/><D103/><U119/><E119/><V118/><F36/><W0/><G54/><T66/><D66/><U4/><E4/><V78/><F102/><W24/><G55/><T98/><D29/><U71/><E71/><V133/><F6/><W116/><G116/><T8/><D3/><U76/><E76/><V65/><F65/><W30/><G2/><T88/><D48/><U45/><E45/><V58/><F118/><W41/><G0/><T130/><D130/><U123/><E123/><V42/><F42/><W18/><G41/><T32/><D62/><U96/><E96/><V1/><F1/><W127/><G127/><T91/><D60/><U108/><E108/><V86/><F52/><W47/><G47/><T63/><D63/><U101/><E101/><V107/><F107/><W125/><G125/><T37/><D37/><U5/><E5/><V69/><F69/><W44/><G44/><T56/><D98/><U61/><E61/><V100/><F100/><W67/><G67/><T51/><D51/><U89/><E89/><V72/><F133/><W105/><G105/><T31/><D90/><U12/><E12/><RYUUKYOKU ba="0,1" sc="184,-10,343,30,259,-10,204,-10" hai1="13,19,26,28,35,40,46,49,73,77,81,97,99" /><INIT seed="5,1,1,2,5,10" ten="174,373,249,194" oya="1" hai0="135,22,35,14,76,108,39,37,106,110,132,122,73" hai1="32,70,2,97,7,87,6,57,61,126,79,21,96" hai2="105,26,77,94,91,42,62,113,49,17,67,71,56" hai3="131,78,68,69,133,40,109,8,60,50,100,41,99"/><U19/><E70/><V12/><F105/><W63/><G109/><T114/><D35/><U84/><E32/><V86/><F113/><W123/><G123/><T52/><D114/><U128/><E128/><V36/><F36/><W107/><G131/><T28/><D122/><U59/><E126/><V55/><F77/><W18/><G133/><N who="0" m="51275" /><D106/><U115/><E115/><V29/><F42/><W58/><G78/><T53/><D39/><U103/><E2/><V23/><REACH who="2" step="1"/><F29/><REACH who="2" ten="174,373,239,194" step="2"/><W27/><G41/><T51/><D37/><U11/><E79/><V93/><F93/><W104/><G104/><T25/><D76/><U66/><E97/><V16/><F16/><W125/><G125/><T88/><D73/><U45/><E96/><V4/><F4/><W31/><G40/><T80/><D28/><U92/><E7/><V127/><F127/><W24/><G31/><T43/><D43/><U47/><E92/><V30/><F30/><W0/><G107/><T95/><D95/><U129/><E129/><V112/><F112/><W121/><G121/><T13/><D110/><U119/><E6/><V48/><F48/><W83/><G99/><T134/><D108/><U102/><E19/><V20/><F20/><W75/><G75/><T65/><D51/><U1/><E21/><V72/><F72/><W117/><G50/><T116/><D134/><U101/><E101/><V54/><F54/><N who="0" m="21098" /><D65/><U130/><E66/><V81/><F81/><W64/><G64/><T124/><D124/><U90/><E130/><V15/><AGARI ba="1,2" hai="12,15,17,23,26,49,55,56,62,67,71,86,91,94" machi="15" ten="30,7900,0" yaku="1,1,0,1,52,2,53,0" doraHai="10" doraHaiUra="120" who="2" fromWho="2" sc="174,-21,373,-40,239,102,194,-21" /><INIT seed="6,0,0,1,4,84" ten="153,333,341,173" oya="2" hai0="69,95,87,129,67,52,57,45,32,93,110,72,82" hai1="89,10,50,35,15,83,17,74,86,133,135,24,125" hai2="104,25,7,1,66,99,18,40,31,51,94,115,76" hai3="77,91,123,12,108,0,107,92,97,71,85,73,60"/><V58/><F104/><W88/><G0/><T11/><D110/><U61/><E125/><V98/><F76/><W64/><G108/><T113/><D32/><U81/><E61/><V127/><F127/><W68/><G123/><T47/><D113/><U120/><E120/><V130/><F130/><W30/><G30/><T53/><D129/><U80/><E74/><V100/><F18/><W38/><G38/><T65/><D72/><U39/><E39/><V132/><F132/><N who="1" m="50761" /><E50/><V3/><F7/><W75/><G71/><T4/><D69/><U116/><E116/><V126/><F115/><W62/><G62/><T44/><D67/><U13/><E13/><V5/><F5/><W90/><G12/><N who="0" m="5223" /><D65/><U29/><AGARI ba="0,0" hai="10,15,17,24,29,35,80,81,83,86,89" m="50761" machi="29" ten="30,2000,0" yaku="20,1,52,1" doraHai="84" who="1" fromWho="1" sc="153,-5,333,20,341,-10,173,-5" /><INIT seed="7,0,0,4,2,55" ten="148,353,331,168" oya="3" hai0="68,36,48,110,39,41,40,10,104,87,135,64,97" hai1="129,82,2,33,89,111,51,25,53,132,92,95,44" hai2="100,117,3,124,85,72,96,13,130,127,71,116,54" hai3="77,81,78,52,5,43,101,56,93,79,32,38,133"/><W27/><G133/><T62/><D110/><U67/><E2/><V84/><F3/><W49/><G5/><T58/><D135/><U126/><E132/><V24/><F71/><W122/><G122/><T106/><D87/><N who="2" m="33354" /><F24/><W17/><G38/><N who="0" m="14379" /><D10/><U46/><E25/><V114/><F13/><W74/><G43/><N who="0" m="16459" /><D97/><U69/><E129/><V6/><F6/><W115/><G115/><T94/><D94/><U120/><E126/><N who="2" m="48171" /><F114/><W128/><G128/><T118/><D106/><U23/><E23/><V11/><F11/><W28/><REACH who="3" step="1"/><G17/><REACH who="3" ten="148,353,331,158" step="2"/><T15/><D104/><U4/><E4/><V21/><F130/><W107/><G107/><T8/><D8/><U0/><E120/><V22/><F117/><W59/><G59/><T35/><D35/><U29/><E46/><V57/><F116/><W7/><G7/><T134/><D15/><U45/><E44/><V103/><F22/><W31/><G31/><T91/><D134/><U83/><E0/><V12/><F21/><W65/><G65/><T60/><D118/><U16/><E16/><V47/><F57/><W109/><G109/><T1/><D1/><U61/><E111/><V37/><F12/><W99/><AGARI ba="0,1" hai="27,28,32,49,52,56,74,77,78,79,81,93,99,101" machi="99" ten="30,11700,0" yaku="1,1,0,1,52,1,54,1,53,0" doraHai="55" doraHaiUra="125" who="3" fromWho="3" sc="148,-39,353,-39,331,-39,158,127" /><INIT seed="7,1,0,4,5,42" ten="109,314,292,285" oya="3" hai0="3,85,33,58,31,20,117,71,26,84,57,130,56" hai1="50,15,24,90,34,83,23,103,44,67,75,94,108" hai2="99,35,53,68,13,4,110,40,32,21,59,118,0" hai3="86,79,125,124,120,129,91,5,106,1,119,115,92"/><W25/><G120/><T52/><D130/><U29/><E108/><V41/><F110/><W70/><G119/><T111/><D111/><U78/><E67/><V112/><F118/><W12/><G129/><T37/><D117/><U47/><E103/><V64/><F112/><W128/><G128/><T36/><D71/><U28/><E50/><V2/><F2/><W121/><G121/><T48/><D3/><U43/><E43/><V95/><F0/><W7/><G115/><T38/><REACH who="0" step="1"/><D33/><REACH who="0" ten="99,314,292,285" step="2"/><U16/><E29/><V122/><F35/><W114/><G70/><T73/><D73/><U6/><E6/><V55/><F32/><W27/><G114/><T10/><D10/><U98/><AGARI ba="1,1" hai="15,16,23,24,28,34,44,47,75,78,83,90,94,98" machi="98" ten="20,8000,1" yaku="0,1,7,1,52,2,54,1" doraHai="42" who="1" fromWho="1" sc="99,-21,314,93,292,-21,285,-41" owari="78,-42.0,407,51.0,271,7.0,244,-16.0" /></mjloggm>