<mjloggm ver="2.3"><GO type="185" lobby="0"/><UN n0="%4B%69%72%63%68%65" n1="%E3%82%B2%E3%83%B3%E3%82%BA" n2="%E5%8C%97%E5%B2%A1%E3%81%BE%E3%81%A4%E3%81%9F%E3%81%91" n3="" dan="17,16,16,0" rate="2283.82,2068.69,2252.72,1500.00" sx="M,M,F,C"/><TAIKYOKU oya="0"/><INIT seed="0,0,0,4,4,61" ten="350,350,350,0" oya="0" hai0="93,121,2,36,115,69,63,82,1,59,114,49,58" hai1="92,107,99,67,108,120,38,41,74,118,77,45,66" hai2="88,76,33,130,87,56,46,53,62,106,73,133,102" hai3=""/><T128/><N who="0" m="31008" /><T84/><D36/><U75/><N who="1" m="30752" /><U60/><E118/><V55/><F33/><T125/><D125/><U104/><E108/><V32/><F32/><T71/><D128/><U113/><E113/><V57/><F130/><T111/><D111/><U94/><E94/><V127/><F127/><T83/><D49/><U0/><E0/><V89/><F46/><T37/><D37/><U72/><E77/><V68/><F68/><T123/><N who="0" m="31520" /><T78/><D93/><U70/><REACH who="1" step="1"/><E67/><REACH who="1" ten="350,340,350,0" step="2"/><V64/><F64/><T86/><D78/><U39/><E39/><V122/><N who="2" m="31264" /><V132/><F76/><T103/><D103/><AGARI ba="0,1" hai="38,41,45,60,66,70,72,74,75,92,99,103,104,107" m="30752" machi="103" ten="40,5200,0" yaku="1,1,52,2,53,0" doraHai="61" doraHaiUra="34" who="1" fromWho="0" sc="350,-52,340,62,350,0,0,0" /><INIT seed="1,0,0,1,1,99" ten="298,402,350,0" oya="1" hai0="77,128,67,64,3,93,69,2,117,79,106,76,35" hai1="126,101,94,41,97,123,70,71,132,32,43,37,39" hai2="56,59,55,34,118,135,113,83,45,38,111,98,125" hai3=""/><U72/><N who="1" m="31520" /><U49/><E32/><V124/><F34/><T87/><D35/><U1/><E1/><V78/><F118/><T109/><D106/><U80/><E126/><N who="2" m="48747" /><F113/><T52/><D117/><U107/><E132/><V60/><F135/><T54/><D109/><U129/><E129/><V46/><F111/><T103/><D128/><U96/><E39/><V65/><F98/><T89/><D103/><U81/><E37/><V63/><F38/><T68/><D68/><U91/><E80/><V92/><F92/><T130/><D130/><U84/><E72/><AGARI ba="0,0" hai="45,46,55,56,59,60,63,65,72,78,83" m="48747" machi="72" ten="30,1000,0" yaku="18,1" doraHai="99" who="2" fromWho="1" sc="298,0,402,-10,350,10,0,0" /><INIT seed="2,0,0,5,0,98" ten="298,392,360,0" oya="2" hai0="126,107,43,125,115,35,90,131,65,72,103,120,49" hai1="42,122,36,108,62,92,114,132,67,75,121,135,91" hai2="78,34,48,38,69,52,73,32,97,40,66,116,60" hai3=""/><V99/><F116/><T56/><D35/><U41/><N who="1" m="31008" /><U93/><N who="1" m="31264" /><U106/><E114/><V89/><F99/><T61/><N who="0" m="30752" /><T39/><D39/><U79/><E106/><V68/><F68/><T88/><D72/><U87/><E108/><V105/><F78/><T76/><D76/><U96/><E75/><V109/><F109/><T130/><D115/><U47/><E42/><V54/><F54/><T128/><D107/><U86/><E86/><V50/><F50/><T95/><D103/><U77/><E77/><V113/><F113/><T80/><D80/><U55/><E55/><V53/><F53/><T45/><D90/><U1/><E1/><V0/><F0/><T102/><D102/><U81/><REACH who="1" step="1"/><E93/><REACH who="1" ten="298,382,360,0" step="2"/><V51/><F73/><T117/><D117/><U37/><E37/><V104/><F38/><T124/><REACH who="0" step="1"/><D131/><REACH who="0" ten="288,382,360,0" step="2"/><U119/><E119/><V70/><F105/><T112/><D112/><U59/><AGARI ba="0,2" hai="36,41,47,59,62,67,79,81,87,91,92,96,132,135" m="31264,31008" machi="59" ten="30,5900,0" yaku="1,1,0,1,52,2,53,0" doraHai="98" doraHaiUra="2" who="1" fromWho="1" sc="288,-20,382,79,360,-39,0,0" /><INIT seed="4,0,0,5,3,91" ten="268,461,321,0" oya="0" hai0="36,35,127,83,89,119,75,103,94,131,96,49,105" hai1="38,37,72,107,32,47,117,39,102,112,2,82,93" hai2="40,54,63,111,101,1,58,34,56,88,86,104,66" hai3=""/><T125/><D35/><U77/><E117/><V114/><F34/><T121/><N who="0" m="31008" /><T120/><N who="0" m="30752" /><T50/><D36/><U98/><E32/><V53/><F1/><T0/><D0/><U128/><E2/><V57/><F111/><T52/><D119/><U70/><E70/><V59/><F40/><T109/><D109/><U116/><E116/><V87/><F114/><T80/><D131/><U71/><E71/><V68/><F87/><T41/><D41/><U122/><N who="1" m="31264" /><U135/><E128/><V51/><F101/><T133/><D133/><U67/><E67/><V65/><F104/><T81/><D75/><U79/><E79/><V84/><F84/><T129/><D129/><U45/><E135/><V85/><F85/><T118/><D118/><U130/><E130/><V110/><F65/><T126/><D52/><U123/><N who="1" m="31520" /><U115/><E107/><V60/><REACH who="2" step="1"/><F110/><REACH who="2" ten="268,461,311,0" step="2"/><T92/><REACH who="0" step="1"/><D105/><REACH who="0" ten="258,461,311,0" step="2"/><U106/><E106/><V134/><F134/><T74/><D74/><U44/><AGARI ba="0,2" hai="37,38,39,44,45,47,72,77,82,93,98,102,112,115" m="31520,31264" machi="44" ten="40,6000,1" yaku="0,1,52,3" doraHai="91" who="1" fromWho="1" sc="258,-40,461,80,311,-20,0,0" /><INIT seed="5,0,0,3,1,68" ten="218,541,291,0" oya="1" hai0="104,65,134,35,76,45,129,131,90,100,103,106,94" hai1="0,41,44,77,78,132,83,33,47,82,52,123,87" hai2="80,34,85,53,122,39,99,57,73,81,3,111,110" hai3=""/><U92/><N who="1" m="31520" /><U62/><E33/><V72/><N who="2" m="31264" /><V96/><F34/><T48/><D35/><U75/><E0/><V61/><F3/><T105/><D65/><U40/><E132/><V66/><F39/><T55/><D76/><U121/><N who="1" m="31008" /><U120/><N who="1" m="30752" /><U71/><E92/><V84/><F66/><T133/><D100/><U126/><E126/><V127/><F53/><T117/><D103/><U115/><E115/><V97/><F57/><T59/><D45/><U1/><E1/><V119/><F61/><T108/><D108/><N who="2" m="41514" /><F119/><T93/><D93/><U60/><E71/><V74/><F127/><T102/><D102/><U37/><E52/><V128/><F128/><N who="0" m="49226" /><D117/><U116/><E116/><V67/><F67/><T98/><AGARI ba="0,0" hai="48,55,59,90,94,98,104,105,106,133,134" m="49226" machi="98" ten="40,1100,0" yaku="19,1" doraHai="68" who="0" fromWho="0" sc="218,11,541,-7,291,-4,0,0" /><INIT seed="6,0,0,2,1,110" ten="229,534,287,0" oya="2" hai0="71,37,50,128,54,126,3,38,123,76,98,121,94" hai1="133,127,43,78,56,68,90,115,111,59,49,32,64" hai2="97,105,129,0,114,46,39,51,91,108,135,100,82" hai3=""/><V118/><F0/><T88/><N who="0" m="31008" /><T96/><N who="0" m="31520" /><T87/><D3/><U103/><E111/><V79/><F108/><T44/><D71/><U77/><E103/><V69/><F69/><T75/><D126/><U60/><E127/><V120/><N who="2" m="30752" /><V89/><F118/><T124/><D124/><U52/><E32/><V67/><F67/><T93/><D128/><U34/><E34/><V117/><F117/><T42/><D75/><U134/><E90/><V109/><F109/><T101/><D76/><U107/><E107/><V55/><F39/><T35/><D35/><U86/><E43/><V130/><F135/><N who="1" m="51721" /><E86/><V48/><F89/><T1/><D1/><U72/><E72/><V83/><F91/><T2/><D2/><U122/><N who="1" m="31264" /><U70/><E70/><V112/><F129/><T99/><D37/><U102/><E102/><V116/><F116/><T113/><D113/><N who="2" m="43626" /><F130/><T106/><D106/><U95/><E115/><V63/><F79/><T53/><D38/><U132/><E132/><V40/><F63/><T73/><D73/><U104/><E68/><V80/><F51/><T84/><D87/><U45/><E49/><V36/><F36/><T57/><D84/><U131/><E64/><V66/><F105/><RYUUKYOKU ba="0,0" sc="229,0,534,0,287,0,0,0" owari="229,-37.0,534,48.0,287,-11.0,0,0.0" /></mjloggm>