<mjloggm ver="2.3"><GO type="169" lobby="0"/><UN n0="%65%6B%61%72%75%74%65" n1="%E3%83%84%E3%83%AC%E3%82%AA" n2="%E3%83%AD%E3%83%83%E3%82%AF%E3%81%AE%E7%A5%9E%E6%A7%98" n3="%E3%82%BF%E3%82%B1%E3%83%A4%E3%83%9E" dan="16,16,17,17" rate="2078.68,2147.93,2174.92,2197.72" sx="M,M,M,M"/><TAIKYOKU oya="0"/><INIT seed="0,0,0,3,5,21" ten="250,250,250,250" oya="0" hai0="109,66,81,132,94,55,72,46,2,59,93,78,129" hai1="28,7,92,106,125,116,85,87,70,63,102,26,91" hai2="114,61,74,67,8,119,107,75,38,23,133,36,122" hai3="103,56,18,96,120,71,37,89,53,113,90,43,44"/><T73/><D129/><U9/><E125/><V51/><F114/><W15/><G113/><T134/><D2/><U77/><E116/><V14/><F122/><W31/><G71/><T1/><D1/><U100/><E106/><V34/><F34/><W10/><G31/><T83/><D46/><U130/><E130/><V115/><F115/><W101/><G120/><T82/><D66/><U111/><E111/><V52/><F133/><N who="0" m="51306" /><D55/><U13/><E70/><V5/><F107/><W95/><REACH who="3" step="1"/><G103/><REACH who="3" ten="250,250,250,240" step="2"/><T117/><D117/><U68/><E68/><V112/><F112/><W105/><G105/><T128/><D128/><U3/><E102/><V57/><F119/><W22/><G22/><T27/><D109/><U32/><E100/><V16/><F36/><W135/><G135/><T41/><D41/><U48/><E32/><V88/><F38/><W11/><G11/><T126/><D126/><U17/><E9/><V33/><F33/><W29/><G29/><T12/><D59/><U6/><E28/><V40/><F40/><W80/><G80/><T79/><D12/><U98/><E13/><V121/><F121/><W118/><G118/><T97/><D82/><U24/><E3/><V20/><F20/><W39/><G39/><T69/><D69/><U4/><E92/><N who="0" m="35433" /><D97/><U25/><E98/><V50/><F23/><W30/><G30/><T62/><D62/><AGARI ba="0,1" hai="10,15,18,37,43,44,53,56,62,89,90,95,96,101" machi="62" ten="30,2000,0" yaku="1,1,7,1,53,0" doraHai="21" doraHaiUra="108" who="3" fromWho="0" sc="250,-20,250,0,250,0,240,30" /><INIT seed="1,0,0,3,5,83" ten="230,250,250,270" oya="1" hai0="41,126,59,80,98,107,4,2,101,54,62,93,70" hai1="78,40,120,96,73,84,44,102,130,82,5,23,125" hai2="48,25,0,6,16,90,86,67,31,52,68,26,57" hai3="104,89,50,53,49,7,32,11,58,119,121,116,132"/><U108/><E120/><V113/><F113/><W10/><G121/><T33/><D126/><U21/><E125/><V69/><F0/><W56/><G132/><T114/><D114/><U30/><E130/><V39/><F39/><W9/><G32/><T99/><D70/><U51/><E108/><V128/><F128/><W94/><G104/><T92/><D33/><U124/><E124/><V65/><F6/><W55/><REACH who="3" step="1"/><G7/><REACH who="3" ten="230,250,250,260" step="2"/><T91/><D4/><U95/><E5/><V100/><F68/><W72/><G72/><T17/><D2/><U115/><E115/><V18/><F69/><W45/><G45/><T79/><D107/><U129/><E129/><V36/><F36/><W35/><G35/><T29/><D29/><U117/><E117/><V133/><F133/><W27/><G27/><N who="2" m="10249" /><F31/><W15/><G15/><T24/><D24/><U75/><E30/><V85/><F100/><W110/><G110/><T76/><D17/><N who="2" m="6762" /><F85/><AGARI ba="0,1" hai="9,10,11,49,50,53,55,56,58,85,89,94,116,119" machi="85" ten="40,5200,0" yaku="1,1,9,1,52,1,53,0" doraHai="83" doraHaiUra="37" who="3" fromWho="2" sc="230,0,250,0,250,-52,260,62" /><INIT seed="2,0,0,4,4,92" ten="230,250,198,322" oya="2" hai0="46,30,18,113,1,117,45,36,22,9,55,62,14" hai1="13,94,5,121,119,6,133,64,41,130,31,57,97" hai2="114,125,28,63,20,83,82,59,4,61,128,38,87" hai3="53,54,68,44,93,89,60,91,124,27,104,96,109"/><V95/><F114/><W118/><G109/><T56/><D113/><U48/><E119/><V26/><F125/><W106/><G124/><T29/><D117/><U8/><E130/><V129/><F38/><W35/><G118/><T103/><D103/><U98/><E133/><V33/><F4/><W131/><G131/><N who="2" m="50249" /><F33/><W0/><G0/><T16/><D1/><U52/><E121/><V51/><F51/><W25/><G53/><T101/><D101/><U19/><E31/><N who="0" m="11785" /><D36/><U115/><E115/><V7/><F7/><N who="1" m="2569" /><E94/><V2/><F2/><W134/><G35/><T120/><D120/><U126/><E126/><V17/><F28/><W76/><G76/><T111/><D111/><U47/><E64/><N who="2" m="38975" /><F63/><AGARI ba="0,0" hai="8,13,19,41,47,48,52,57,63,97,98" m="2569" machi="63" ten="30,7700,0" yaku="8,1,52,2,54,1" doraHai="92" who="1" fromWho="2" sc="230,0,250,77,198,-77,322,0" /><INIT seed="3,0,0,5,1,23" ten="230,327,121,322" oya="3" hai0="31,10,59,102,55,95,123,61,130,8,78,114,38" hai1="120,75,25,104,60,125,21,18,16,58,74,9,44" hai2="86,94,76,17,124,72,15,98,41,122,106,71,79" hai3="39,83,7,11,100,35,49,115,27,37,84,129,108"/><W66/><G115/><T45/><D123/><U99/><E120/><V88/><F122/><W34/><G129/><T28/><D130/><U24/><E125/><V133/><F124/><W43/><G108/><T92/><D114/><U52/><E44/><V42/><F133/><W14/><G100/><T107/><D78/><U119/><E119/><V103/><F71/><W118/><G118/><T96/><D107/><U1/><E1/><V110/><F110/><W48/><G66/><T13/><D95/><U32/><E32/><V70/><F70/><W3/><G3/><T82/><D82/><U85/><E85/><V57/><F57/><W97/><G97/><T117/><D117/><U53/><E53/><V89/><F89/><W65/><G65/><T126/><D126/><U64/><E64/><V51/><F51/><W63/><G63/><T111/><D111/><U69/><E69/><V77/><REACH who="2" step="1"/><F72/><REACH who="2" ten="230,327,111,322" step="2"/><W2/><G49/><N who="0" m="29103" /><D38/><U29/><E75/><V134/><F134/><W116/><G116/><T19/><D8/><AGARI ba="0,1" hai="8,15,17,41,42,76,77,79,86,88,94,98,103,106" machi="8" ten="40,2600,0" yaku="1,1,54,1,53,0" doraHai="23" doraHaiUra="26" who="2" fromWho="0" sc="230,-26,327,0,111,36,322,0" /><INIT seed="4,0,0,3,1,101" ten="204,327,147,322" oya="0" hai0="24,102,124,42,100,86,3,79,125,57,93,37,34" hai1="2,66,50,52,27,103,118,97,13,112,85,46,61" hai2="36,64,20,106,128,113,73,65,45,63,95,55,33" hai3="80,53,31,83,58,74,88,99,70,117,60,111,49"/><T90/><D3/><U11/><E118/><V62/><F33/><W104/><G111/><T26/><D79/><U129/><E129/><V123/><F73/><W15/><G117/><T54/><D42/><U22/><E112/><V134/><F95/><W43/><G31/><N who="0" m="19815" /><D26/><U28/><E2/><V67/><F20/><W21/><G74/><T107/><D37/><U82/><E61/><N who="2" m="23051" /><F106/><W98/><G70/><T105/><D102/><U47/><E47/><V84/><F84/><N who="3" m="50183" /><G104/><T14/><D14/><U38/><E38/><V132/><F123/><W109/><G109/><T114/><D114/><U133/><E133/><N who="2" m="51307" /><F113/><W116/><G116/><T35/><D35/><U23/><E66/><V121/><F121/><W4/><G83/><T130/><D100/><U16/><E23/><V44/><F128/><W131/><G131/><T32/><D32/><U8/><E8/><V9/><F9/><N who="3" m="4519" /><G21/><T51/><D130/><U1/><E1/><V41/><F45/><AGARI ba="0,0" hai="43,45,49,53,58,60,98,99" m="4519,50183" machi="45" ten="30,2000,0" yaku="8,1,54,1" doraHai="101" who="3" fromWho="2" sc="204,0,327,0,147,-20,322,20" /><INIT seed="5,0,0,2,0,6" ten="204,327,127,342" oya="1" hai0="98,21,26,40,130,68,45,41,15,61,94,77,113" hai1="71,93,100,104,24,118,16,116,12,17,111,37,85" hai2="103,129,80,7,88,72,57,32,115,81,99,90,84" hai3="22,11,79,47,59,66,33,28,128,60,23,124,35"/><U20/><E111/><V29/><F129/><W4/><G128/><T48/><D130/><U63/><E37/><V55/><F115/><W107/><G107/><T42/><D113/><U102/><E104/><V108/><F108/><W51/><G79/><T89/><D77/><U30/><E17/><V67/><F67/><W119/><G124/><T117/><D117/><U109/><E109/><V122/><F122/><W106/><G106/><T8/><D61/><U96/><E102/><V34/><F29/><W1/><G119/><T46/><D68/><U75/><E85/><V125/><F125/><W112/><G112/><T43/><N who="0" m="10240" /><DORA hai="2" /><T127/><D127/><U27/><E27/><V53/><F53/><W74/><G74/><T39/><D48/><U91/><E100/><V38/><F38/><W14/><G23/><T101/><D89/><U58/><E71/><V121/><F121/><W54/><G28/><N who="0" m="17487" /><D39/><U31/><E31/><V87/><F72/><W69/><G69/><T82/><D82/><U120/><E120/><V83/><F83/><W18/><AGARI ba="0,0" hai="1,4,11,14,18,22,33,35,47,51,54,59,60,66" machi="18" ten="30,4000,0" yaku="0,1,52,2" doraHai="6,2" who="3" fromWho="3" sc="204,-10,327,-20,127,-10,342,40" /><INIT seed="6,0,0,2,0,96" ten="194,307,117,382" oya="2" hai0="2,10,69,34,6,41,14,125,72,55,42,46,13" hai1="21,5,43,70,18,64,65,77,49,107,82,75,12" hai2="90,53,132,115,94,81,73,98,135,62,23,103,111" hai3="56,79,134,50,110,129,100,119,109,99,7,127,33"/><V29/><F29/><W112/><G119/><T131/><D72/><U32/><E32/><V58/><F115/><W92/><G33/><T25/><D125/><U133/><E133/><N who="2" m="51275" /><F111/><W22/><G127/><T104/><D131/><U68/><E65/><V88/><F23/><W86/><G129/><T101/><D69/><U27/><E107/><V44/><F44/><W24/><G134/><T93/><D104/><U124/><E124/><V48/><F62/><W20/><G112/><T71/><D71/><U108/><E108/><V66/><F66/><W118/><G118/><T123/><D123/><U4/><E64/><V17/><F17/><W31/><G7/><T19/><D55/><U89/><E4/><V1/><F1/><W105/><G22/><N who="0" m="11631" /><D14/><U60/><E60/><V130/><F130/><W122/><G122/><T87/><D46/><U16/><E5/><V114/><F114/><W83/><G110/><T97/><D87/><U36/><E36/><V120/><F120/><W121/><G121/><T126/><D126/><U117/><E117/><V28/><F28/><AGARI ba="0,0" hai="2,6,10,25,28,34,41,42,93,97,101" m="11631" machi="28" ten="30,2000,0" yaku="24,1,52,1" doraHai="96" who="0" fromWho="2" sc="194,20,307,0,117,-20,382,0" /><INIT seed="7,0,0,2,0,6" ten="214,307,97,382" oya="3" hai0="40,38,129,5,23,35,120,74,62,49,14,86,112" hai1="43,131,84,26,101,121,11,46,88,122,21,110,28" hai2="117,134,116,8,113,133,24,7,97,69,100,67,79" hai3="72,3,4,102,126,114,96,103,109,81,31,34,25"/><W119/><G119/><T63/><D120/><U41/><E110/><V52/><F79/><W89/><G114/><T92/><D74/><U0/><E101/><V48/><F67/><W51/><G126/><T30/><D35/><U108/><E131/><V53/><F69/><W29/><G29/><T99/><D38/><U17/><E108/><V60/><F60/><W37/><G109/><T98/><D129/><U2/><E2/><V105/><F97/><W19/><G103/><T78/><D112/><U32/><E43/><V36/><F100/><W95/><G37/><T61/><D30/><U64/><E64/><V77/><F36/><W50/><G19/><T118/><D118/><U125/><E125/><V94/><F48/><W90/><G90/><T128/><D128/><U132/><E132/><V56/><F7/><W13/><G3/><T18/><D5/><N who="1" m="1447" /><E46/><V10/><F77/><W115/><G115/><T135/><D135/><U75/><E41/><V111/><F113/><W45/><G102/><T59/><D49/><U1/><E1/><V9/><F9/><W123/><G51/><T70/><D70/><U66/><E66/><V22/><F111/><W87/><G50/><T33/><D62/><U47/><E47/><V73/><F22/><W104/><G45/><T27/><D61/><U12/><E75/><V42/><F73/><W68/><G72/><T93/><D63/><U65/><E65/><V54/><F54/><W124/><G124/><T80/><D78/><U82/><E82/><V106/><F42/><W15/><G68/><T44/><D40/><U20/><E122/><RYUUKYOKU ba="0,0" sc="214,0,307,0,97,0,382,0" owari="214,-19.0,307,11.0,97,-40.0,382,48.0" /></mjloggm>