<mjloggm ver="2.3"><GO type="225" lobby="0"/><UN n0="%E3%82%8C%E3%81%A3%E3%81%A9%E3%81%A9%E3%81%A3%E3%81%90" n1="%E4%B8%89%E6%9D%A1%E7%9C%9F%E7%90%B4" n2="%E3%81%BD%E3%83%BC%E3%82%93%64%65%E3%83%AA%E3%83%B3%E3%82%B0" n3="%E5%A9%9A%E6%B4%BB%E7%94%9F%40%E5%B7%9D%E6%9D%91%E8%BB%8D%E5%9B%A3" dan="16,18,16,17" rate="2088.99,2269.60,2181.00,2236.32" sx="F,F,M,M"/><TAIKYOKU oya="0"/><INIT seed="0,0,0,5,0,107" ten="250,250,250,250" oya="0" hai0="76,26,46,27,58,65,128,31,111,38,74,94,35" hai1="118,53,108,5,91,62,15,132,134,102,66,2,32" hai2="20,68,3,34,50,4,80,0,96,116,98,17,67" hai3="100,127,45,19,9,113,104,77,114,60,95,36,71"/><T125/><D125/><U43/><E118/><V22/><F34/><W99/><G127/><T81/><D128/><U87/><E32/><V37/><F37/><W115/><G77/><T21/><D94/><U13/><E43/><V135/><F135/><N who="1" m="51753" /><E53/><V42/><F116/><W33/><G33/><T123/><D123/><U61/><E102/><V86/><F68/><W92/><G71/><T39/><D111/><U93/><E108/><V131/><F131/><W40/><G60/><N who="1" m="23146" /><E66/><V56/><F67/><W28/><G28/><T12/><D65/><U44/><E44/><V7/><F0/><W29/><G29/><T129/><D129/><U41/><E41/><V73/><F73/><W51/><G36/><T63/><D46/><U47/><E47/><N who="2" m="25975" /><F56/><W126/><G126/><T57/><D57/><U55/><E55/><V11/><F3/><W64/><G64/><N who="0" m="39031" /><D39/><U133/><E133/><V121/><F121/><W54/><G40/><T103/><D38/><U88/><E91/><N who="2" m="51655" /><F20/><W83/><G114/><T8/><D103/><U106/><E106/><V1/><F1/><W85/><G115/><T90/><D90/><U124/><E124/><V69/><F69/><W117/><G113/><T97/><D35/><U79/><E79/><V10/><F10/><AGARI ba="0,0" hai="2,5,10,13,15,87,88,93" m="23146,51753" machi="10" ten="30,2000,0" yaku="20,1,54,1" doraHai="107" who="1" fromWho="2" sc="250,0,250,20,250,-20,250,0" /><INIT seed="1,0,0,5,5,126" ten="250,270,230,250" oya="1" hai0="37,94,48,63,129,74,72,47,105,22,128,2,23" hai1="75,104,43,36,98,24,99,84,17,33,102,40,55" hai2="56,92,135,107,49,87,103,42,31,113,51,83,89" hai3="93,0,97,1,12,68,109,114,25,34,79,29,61"/><U73/><E84/><V108/><F108/><W13/><G114/><T86/><D105/><N who="1" m="63703" /><E55/><N who="2" m="31871" /><F107/><W118/><G118/><T53/><D2/><U119/><E17/><V44/><F113/><W21/><G79/><T8/><D37/><U7/><E7/><V35/><F35/><W14/><G109/><T50/><D63/><U132/><E43/><V19/><F135/><W41/><G41/><T6/><D72/><U5/><E5/><V54/><F31/><W15/><G34/><T27/><D74/><U130/><E119/><V110/><F110/><W52/><N who="3" m="3072" /><DORA hai="77" /><W60/><G68/><T124/><D124/><U26/><E26/><V78/><F19/><W117/><G117/><T85/><D85/><U122/><E122/><V121/><F103/><W82/><G82/><T120/><D120/><U112/><E112/><V10/><F10/><W20/><G20/><T96/><D86/><U66/><E66/><V59/><F121/><W70/><G70/><T46/><D27/><U28/><E132/><V111/><F111/><W58/><REACH who="3" step="1"/><G61/><REACH who="3" ten="250,270,230,240" step="2"/><T116/><D116/><U134/><E134/><V3/><F3/><W4/><G4/><T38/><D6/><U80/><E80/><V127/><F42/><W88/><AGARI ba="0,1" hai="0,1,21,25,29,52,58,60,88,93,97" m="3072" machi="88" ten="40,8000,1" yaku="1,1,0,1,54,2,53,0" doraHai="126,77" doraHaiUra="106,133" who="3" fromWho="3" sc="250,-20,270,-40,230,-20,240,90" /><INIT seed="2,0,0,5,5,108" ten="230,230,210,330" oya="2" hai0="35,47,17,13,124,41,121,110,127,20,88,31,129" hai1="19,107,120,32,12,132,18,63,62,60,78,104,53" hai2="83,58,111,57,21,114,109,66,5,42,0,81,98" hai3="64,67,43,91,118,40,29,131,77,6,134,86,133"/><V97/><F42/><N who="3" m="15915" /><G118/><T36/><D121/><U68/><E32/><V89/><F0/><W82/><G131/><T10/><D110/><N who="2" m="41994" /><F5/><W99/><G29/><T112/><D129/><U45/><E120/><V128/><F128/><W74/><G6/><T46/><D46/><U55/><E132/><N who="3" m="50794" /><G99/><N who="2" m="37897" /><F114/><W48/><G48/><T52/><D112/><U65/><E78/><V27/><F66/><W75/><G75/><T22/><D35/><U26/><E65/><V59/><F89/><W24/><G24/><T122/><D122/><U135/><E135/><V87/><F87/><W61/><G61/><T30/><D30/><AGARI ba="0,0" hai="21,27,30,57,58,59,81,83" m="37897,41994" machi="30" ten="30,2900,0" yaku="14,1,10,1" doraHai="108" who="2" fromWho="0" sc="230,-29,230,0,210,29,330,0" /><INIT seed="2,1,0,3,3,25" ten="201,230,239,330" oya="2" hai0="35,98,33,36,77,73,2,89,116,66,84,6,96" hai1="80,102,112,15,95,55,121,63,11,109,64,93,1" hai2="38,124,125,128,49,104,37,107,135,132,69,39,108" hai3="43,86,51,17,111,27,14,20,94,92,56,23,53"/><V101/><F108/><W42/><G111/><T100/><D36/><U67/><E109/><V41/><F69/><W59/><G59/><T71/><D116/><U8/><E112/><V54/><F41/><N who="3" m="15371" /><G86/><T110/><D110/><U7/><E121/><V5/><F5/><W48/><G48/><T113/><D113/><U72/><E102/><V34/><F34/><W120/><G120/><T50/><D50/><U16/><E55/><V30/><F30/><AGARI ba="1,0" hai="14,17,20,23,27,30,51,53,56,92,94" m="15371" machi="30" ten="30,2000,0" yaku="8,1,52,1" doraHai="25" who="3" fromWho="2" sc="201,0,230,0,239,-23,330,23" /><INIT seed="3,0,0,4,3,29" ten="201,230,216,353" oya="3" hai0="14,47,24,66,94,70,98,75,56,25,53,36,15" hai1="93,42,119,76,89,125,51,106,118,91,96,46,57" hai2="131,21,124,123,1,18,120,133,129,41,43,110,115" hai3="81,68,122,26,7,0,3,86,58,50,71,39,111"/><W60/><G111/><T103/><D75/><U77/><E106/><V130/><F115/><W59/><G39/><T85/><D70/><U95/><E125/><V101/><F133/><W104/><G104/><T12/><D36/><U90/><E57/><V45/><F110/><W9/><G3/><T4/><D4/><U102/><E95/><V121/><F124/><W62/><G50/><T34/><D34/><U99/><E99/><V38/><F1/><W23/><G59/><T83/><D66/><U30/><E30/><V11/><F43/><W127/><G62/><N who="0" m="36111" /><D47/><U16/><E16/><V116/><F116/><AGARI ba="0,0" hai="42,46,51,76,77,89,90,91,93,96,102,116,118,119" machi="116" ten="40,1300,0" yaku="12,1" doraHai="29" who="1" fromWho="2" sc="201,0,230,13,216,-13,353,0" owari="201,-30.0,243,4.0,203,-20.0,353,46.0" /></mjloggm>