<mjloggm ver="2.3"><GO type="169" lobby="0"/><UN n0="%E3%81%B5%E3%82%8B%E3%81%A4%E3%81%B1%E3%81%82" n1="%E3%81%94%E3%82%8A%E3%81%94%E3%82%8A%E3%81%94%E3%82%8A%E3%82%89" n2="%E3%81%B5%E3%81%BF%4B%55%4E" n3="%70%65%61%74%65%72" dan="16,17,16,16" rate="2069.93,2172.31,2080.10,2168.89" sx="M,M,M,M"/><TAIKYOKU oya="0"/><INIT seed="0,0,0,5,3,49" ten="250,250,250,250" oya="0" hai0="105,82,125,60,11,77,52,85,108,80,65,113,54" hai1="51,57,115,76,86,100,110,81,102,36,45,109,90" hai2="106,31,46,19,63,13,111,20,98,131,121,96,123" hai3="99,68,129,118,58,40,89,2,1,34,4,112,33"/><T12/><D108/><N who="1" m="41579" /><E115/><V27/><F131/><W22/><G68/><T132/><D113/><U3/><E3/><V61/><F111/><W134/><G112/><T47/><D105/><U92/><E57/><V117/><F117/><W5/><G118/><T43/><D132/><U14/><E14/><V37/><F123/><W120/><G120/><T84/><D125/><U91/><E36/><V133/><F133/><W18/><G134/><T116/><D116/><U72/><E90/><V66/><F106/><W9/><G40/><AGARI ba="0,0" hai="40,45,51,72,76,81,86,91,92,100,102" m="41579" machi="40" ten="30,1000,0" yaku="14,1" doraHai="49" who="1" fromWho="3" sc="250,0,250,10,250,0,250,-10" /><INIT seed="1,0,0,4,5,49" ten="250,260,250,240" oya="1" hai0="104,82,16,43,1,9,128,65,110,111,95,93,21" hai1="100,129,40,0,108,96,61,69,42,73,127,59,29" hai2="20,87,46,12,3,120,34,101,11,119,85,98,57" hai3="36,67,72,62,58,22,48,53,13,116,47,32,125"/><U26/><E108/><N who="0" m="41513" /><D104/><U99/><E129/><V74/><F74/><W94/><G32/><T51/><D128/><U77/><E127/><V81/><F34/><W103/><G72/><T55/><D65/><U35/><E0/><V97/><F120/><W118/><G125/><T124/><D82/><U113/><E113/><V54/><F46/><W23/><G13/><N who="0" m="9359" /><D43/><U114/><E114/><V41/><F41/><W66/><G66/><T52/><D124/><U107/><E96/><V24/><F3/><W112/><G36/><T8/><D55/><U27/><E27/><V90/><F119/><N who="3" m="45611" /><G112/><T14/><D1/><U4/><E4/><N who="2" m="3175" /><F87/><W91/><G103/><T10/><D14/><U115/><E115/><V5/><F5/><W39/><G39/><T2/><D2/><U76/><E69/><V78/><F78/><W102/><G102/><T117/><D117/><U64/><REACH who="1" step="1"/><E73/><REACH who="1" ten="250,250,250,240" step="2"/><V84/><F101/><W130/><G130/><T86/><D86/><AGARI ba="0,1" hai="22,23,47,48,53,58,62,67,86,91,94" m="45611" machi="86" ten="30,2000,0" yaku="12,1,52,1" doraHai="49" who="3" fromWho="0" sc="250,-20,250,0,250,0,240,30" /><INIT seed="2,0,0,0,4,67" ten="230,250,250,270" oya="2" hai0="81,62,51,101,89,53,113,25,77,92,91,47,128" hai1="12,105,7,36,1,32,9,29,50,86,100,70,41" hai2="20,68,27,87,35,116,40,94,37,117,118,90,112" hai3="102,28,60,98,16,130,122,106,22,75,46,55,4"/><V24/><F112/><W93/><G122/><T49/><D113/><U43/><E86/><V15/><F35/><W23/><G130/><T58/><D128/><U0/><E50/><V57/><F57/><W64/><G75/><T19/><D51/><U2/><E43/><V10/><F27/><W3/><G28/><T97/><D25/><U72/><E72/><V131/><F131/><W39/><G23/><T48/><D48/><U11/><E41/><V13/><F68/><W38/><G55/><T30/><D30/><U114/><E36/><V115/><F115/><W135/><G135/><T125/><D19/><U127/><E100/><V6/><F15/><W44/><G106/><T21/><D21/><U107/><E70/><V133/><F133/><W34/><G34/><T8/><D8/><U14/><E114/><V61/><F61/><W95/><G95/><T54/><REACH who="0" step="1"/><D125/><REACH who="0" ten="220,250,250,270" step="2"/><U124/><E107/><V96/><F37/><W45/><G4/><T109/><D109/><U79/><E105/><V85/><REACH who="2" step="1"/><F40/><REACH who="2" ten="220,250,240,270" step="2"/><W56/><REACH who="3" step="1"/><G3/><REACH who="3" ten="220,250,240,260" step="2"/><T26/><D26/><AGARI ba="0,3" hai="16,22,26,38,39,44,45,46,56,60,64,93,98,102" machi="26" ten="40,5200,0" yaku="1,1,2,1,54,1,53,0" doraHai="67" doraHaiUra="80" who="3" fromWho="0" sc="220,-52,250,0,240,0,260,82" /><INIT seed="3,0,0,1,5,112" ten="168,250,240,342" oya="3" hai0="97,68,60,62,114,51,61,47,50,22,72,90,121" hai1="105,40,45,4,111,74,81,6,125,58,5,96,71" hai2="91,119,59,126,55,24,35,73,113,134,48,11,106" hai3="19,70,29,129,33,15,54,84,107,87,27,64,32"/><W16/><G129/><T18/><D72/><U98/><E71/><V31/><F113/><W67/><G107/><T23/><D114/><U57/><E111/><V132/><F126/><W116/><G116/><T41/><D121/><U86/><E125/><V120/><F106/><W3/><G3/><T2/><D2/><U92/><E74/><V30/><F73/><W75/><G75/><T21/><D68/><U128/><E105/><V36/><F36/><W17/><G33/><T10/><D97/><U76/><E128/><V123/><F31/><W52/><G15/><T94/><D50/><N who="1" m="26919" /><E98/><V1/><F91/><AGARI ba="0,0" hai="4,5,6,57,58,76,81,86,91,92,96" m="26919" machi="91" ten="30,1000,0" yaku="8,1" doraHai="112" who="1" fromWho="2" sc="168,0,250,10,240,-10,342,0" /><INIT seed="4,0,0,5,2,59" ten="168,260,230,342" oya="0" hai0="73,98,113,116,57,5,94,36,72,83,110,77,122" hai1="81,99,131,7,89,18,37,21,62,80,93,24,118" hai2="111,78,29,108,11,65,106,69,51,125,114,112,87" hai3="119,117,95,15,1,104,22,0,84,28,134,35,54"/><T70/><D70/><U56/><E118/><V2/><F106/><W27/><G104/><T26/><D116/><U44/><E131/><V38/><F29/><W130/><G130/><T102/><D113/><U115/><E115/><V61/><F125/><W103/><G134/><T75/><D36/><U30/><E7/><V64/><F38/><W79/><G0/><T40/><D40/><U33/><E37/><V16/><F51/><W71/><G71/><T23/><D122/><U96/><E44/><V82/><F65/><W8/><G54/><T12/><D110/><U88/><E33/><V68/><F114/><W17/><G79/><T107/><D57/><U45/><E45/><V13/><F112/><W58/><G58/><T85/><D12/><U52/><E30/><V123/><F123/><W76/><G76/><T6/><REACH who="0" step="1"/><D107/><REACH who="0" ten="158,260,230,342" step="2"/><U97/><E89/><V20/><F69/><W101/><G119/><T39/><D39/><U91/><E91/><V135/><F135/><W32/><G117/><T121/><D121/><U67/><E67/><V126/><F126/><W90/><G1/><T127/><D127/><U19/><E19/><AGARI ba="0,1" hai="5,6,19,23,26,72,73,75,77,83,85,94,98,102" machi="19" ten="40,2000,0" yaku="1,1,53,0" doraHai="59" doraHaiUra="66" who="0" fromWho="1" sc="158,30,260,-20,230,0,342,0" /><INIT seed="4,1,0,5,1,126" ten="188,240,230,342" oya="0" hai0="21,14,53,54,66,77,35,3,10,31,2,124,100" hai1="76,79,24,106,73,25,9,40,8,52,59,97,111" hai2="26,107,83,32,75,78,48,30,71,80,55,117,33" hai3="99,121,103,96,118,19,93,22,36,62,88,12,38"/><T57/><D124/><U115/><E111/><V113/><F107/><W123/><G118/><T0/><D77/><U63/><E115/><V119/><F113/><W86/><G62/><N who="0" m="38223" /><D100/><U39/><E39/><V101/><F71/><W120/><REACH who="3" step="1"/><G96/><REACH who="3" ten="188,240,230,332" step="2"/><T87/><D87/><U90/><E73/><V84/><F117/><W60/><G60/><T92/><D54/><U94/><E106/><AGARI ba="1,1" hai="12,19,22,36,38,86,88,93,99,103,106,120,121,123" machi="106" ten="40,5200,0" yaku="1,1,13,1,54,1,53,0" doraHai="126" doraHaiUra="49" who="3" fromWho="1" sc="188,0,240,-55,230,0,332,65" /><INIT seed="5,0,0,0,1,103" ten="188,185,230,397" oya="1" hai0="43,81,129,54,60,85,37,11,55,13,20,86,94" hai1="45,96,132,80,112,48,25,23,121,83,16,90,58" hai2="79,31,117,119,12,57,65,108,29,35,102,75,118" hai3="26,134,36,39,84,78,115,73,30,10,106,130,1"/><U22/><E121/><V6/><F108/><W47/><G84/><T133/><D133/><U74/><E112/><V68/><F57/><W71/><G134/><T125/><D125/><U3/><E132/><V18/><F6/><W21/><G115/><T104/><D104/><U91/><E3/><V123/><F123/><W70/><G130/><T42/><D129/><U114/><E114/><V51/><F51/><W120/><G120/><T63/><D37/><U32/><E32/><V95/><F35/><W61/><G61/><N who="0" m="23627" /><D94/><U135/><E135/><V4/><F4/><W88/><G88/><N who="1" m="33834" /><E74/><V24/><F65/><W113/><G113/><T128/><D128/><U72/><E72/><V67/><F67/><W122/><G122/><T19/><D86/><U8/><E8/><V82/><F68/><W34/><G21/><T2/><D2/><U105/><E105/><V0/><F0/><W38/><G47/><T92/><D92/><U50/><E96/><V109/><F109/><W66/><G66/><T107/><D107/><U56/><E23/><V33/><F95/><W69/><G106/><T15/><D85/><U53/><E58/><V40/><F102/><W126/><G126/><T93/><D93/><U46/><E56/><V97/><F97/><W7/><REACH who="3" step="1"/><G70/><REACH who="3" ten="188,185,230,387" step="2"/><T41/><D81/><AGARI ba="0,1" hai="1,7,10,26,30,34,36,38,39,69,71,73,78,81" machi="81" ten="40,8000,1" yaku="1,1,2,1,33,3,53,0" doraHai="103" doraHaiUra="17" who="3" fromWho="0" sc="188,-80,185,0,230,0,387,90" /><INIT seed="6,0,0,1,4,43" ten="108,185,230,477" oya="2" hai0="100,96,122,105,37,16,29,15,9,25,123,92,133" hai1="80,35,17,118,134,71,67,64,11,72,1,132,119" hai2="28,69,52,63,34,70,104,131,38,47,135,85,30" hai3="128,108,130,22,12,102,0,99,31,101,82,68,56"/><V13/><F104/><W6/><G108/><T111/><D133/><N who="1" m="51307" /><E35/><V121/><F121/><W39/><G68/><T114/><D111/><U109/><E109/><V94/><F135/><W124/><G124/><T44/><D114/><U76/><E71/><V58/><F13/><W7/><G39/><T74/><D74/><U4/><E17/><V53/><F131/><N who="3" m="50219" /><G0/><T5/><D5/><N who="3" m="1545" /><G56/><T24/><D105/><U33/><E33/><V2/><F2/><W61/><G61/><T93/><D93/><U10/><E10/><V65/><F69/><W36/><G36/><T95/><D95/><U45/><E45/><V77/><F34/><W42/><G42/><T50/><D37/><U106/><E106/><V110/><F110/><W125/><G82/><T126/><D126/><U75/><E75/><V40/><F94/><W20/><G99/><T73/><D73/><U97/><E97/><V19/><F19/><N who="3" m="10343" /><G125/><T79/><D79/><U83/><E83/><N who="2" m="47343" /><F53/><W3/><G3/><T55/><REACH who="0" step="1"/><D24/><AGARI ba="0,0" hai="22,24,31,101,102" m="10343,1545,50219" machi="24" ten="30,1000,0" yaku="19,1" doraHai="43" who="3" fromWho="0" sc="108,-10,185,0,230,0,477,10" /><INIT seed="7,0,0,4,0,57" ten="98,185,230,487" oya="3" hai0="3,101,36,6,26,87,32,40,106,89,66,42,46" hai1="27,38,18,61,19,96,119,76,13,33,22,44,124" hai2="130,123,126,81,1,29,12,34,74,125,79,115,70" hai3="131,105,45,23,135,122,4,129,2,98,65,69,21"/><W112/><G122/><T17/><D17/><U43/><E124/><V93/><F1/><W78/><G78/><T121/><D42/><U50/><E119/><V16/><F115/><W68/><G112/><T84/><D84/><U77/><E96/><V41/><F130/><W82/><G82/><T0/><D89/><U7/><E7/><V25/><F123/><W54/><G135/><T116/><D87/><U64/><E38/><V49/><F70/><W71/><G65/><T8/><D121/><U55/><E43/><V14/><F93/><W134/><G134/><T107/><D116/><U48/><E48/><V102/><F102/><W100/><G4/><T127/><D127/><N who="2" m="48650" /><F16/><W83/><G83/><T128/><D128/><U85/><E85/><V9/><F9/><W20/><G2/><T132/><D132/><U86/><E86/><V24/><F25/><W111/><G111/><T37/><D3/><U73/><E73/><V67/><F67/><W31/><G31/><T60/><D36/><U75/><E75/><V91/><F91/><W72/><G72/><T53/><D101/><U113/><E113/><V39/><F39/><W118/><G118/><T103/><D103/><U99/><E99/><V47/><AGARI ba="0,0" hai="12,14,24,29,34,41,47,49,74,79,81" m="48650" machi="47" ten="30,1100,0" yaku="18,1" doraHai="57" who="2" fromWho="2" sc="98,-3,185,-3,230,11,487,-5" owari="95,-40.0,182,-22.0,241,4.0,482,58.0" /></mjloggm>