<mjloggm ver="2.3"><GO type="169" lobby="0"/><UN n0="%E2%80%A0%E7%99%BD%E5%85%8E%E2%80%A0" n1="%74%6F%72%69%30%36%31%32" n2="%74%72%69%65%74%74%61" n3="%E3%81%BE%E3%81%81%E3%81%8C%E3%82%8A%E3%82%93" dan="17,16,16,17" rate="2189.19,2085.73,2089.83,2163.48" sx="M,M,M,M"/><TAIKYOKU oya="0"/><INIT seed="0,0,0,3,1,17" ten="250,250,250,250" oya="0" hai0="27,133,122,135,36,37,40,72,34,68,82,126,130" hai1="79,120,26,106,3,65,61,98,44,31,110,47,105" hai2="9,103,15,96,38,129,107,89,10,127,45,66,63" hai3="12,101,2,85,78,111,58,92,73,35,84,83,25"/><T4/><D122/><U67/><E120/><V104/><F129/><W62/><G2/><T60/><D130/><U132/><E3/><V0/><F127/><W108/><G12/><T125/><D4/><U102/><E106/><V8/><F0/><W53/><G35/><T88/><D72/><U91/><E67/><V46/><F38/><W49/><G25/><T119/><D119/><U30/><E30/><V52/><F107/><W124/><G124/><N who="0" m="47723" /><D60/><U14/><E79/><V28/><F28/><W39/><G39/><N who="0" m="14923" /><D40/><U112/><E112/><V32/><F32/><W76/><G76/><T134/><D68/><N who="1" m="42031" /><E132/><V121/><F121/><W42/><G42/><T23/><D34/><N who="1" m="20855" /><E110/><N who="3" m="42026" /><G62/><T57/><D57/><U69/><E69/><V20/><F66/><W118/><G118/><T54/><D54/><U11/><E91/><V116/><F116/><W22/><G22/><T18/><D88/><U64/><E64/><V21/><F89/><N who="3" m="53295" /><G101/><T56/><D56/><U114/><E114/><V100/><F103/><W70/><G70/><T90/><D90/><U55/><E55/><V16/><REACH who="2" step="1"/><F21/><REACH who="2" ten="250,250,240,250" step="2"/><W87/><AGARI ba="0,1" hai="49,53,58,73,78,83,84,87" m="53295,42026" machi="87" ten="30,1100,0" yaku="14,1" doraHai="17" who="3" fromWho="3" sc="250,-5,250,-3,240,-3,250,21" /><INIT seed="1,0,0,5,2,85" ten="245,247,237,271" oya="1" hai0="61,19,39,97,30,49,64,25,130,111,53,116,67" hai1="23,110,82,103,40,44,117,115,113,102,27,119,134" hai2="35,104,59,54,135,128,42,16,2,36,6,71,120" hai3="65,74,90,22,73,51,12,20,55,96,81,24,8"/><U122/><E134/><V83/><F120/><W21/><G65/><T106/><D39/><U70/><E70/><V105/><F35/><W92/><G81/><T0/><D0/><U34/><E34/><V17/><F71/><W123/><G123/><T69/><D67/><U86/><E122/><V118/><F118/><W47/><REACH who="3" step="1"/><G24/><REACH who="3" ten="245,247,237,261" step="2"/><T91/><D25/><U7/><E117/><V28/><F83/><W99/><G99/><T60/><D64/><U88/><E119/><V13/><F135/><W132/><G132/><T5/><D116/><U100/><E110/><V56/><F128/><W18/><AGARI ba="0,1" hai="8,12,18,20,21,22,47,51,55,73,74,90,92,96" machi="18" ten="30,4000,0" yaku="1,1,0,1,52,1,53,0" doraHai="85" doraHaiUra="131" who="3" fromWho="3" sc="245,-10,247,-20,237,-10,261,50" /><INIT seed="2,0,0,1,2,94" ten="235,227,227,311" oya="2" hai0="105,72,134,58,69,45,4,113,3,135,89,35,82" hai1="66,127,122,7,49,91,47,88,96,97,67,43,95" hai2="71,0,107,51,60,90,115,116,76,17,109,110,20" hai3="39,26,14,2,129,119,18,37,32,63,40,11,53"/><V85/><F0/><W131/><G119/><T108/><D69/><U126/><E7/><V62/><F116/><W125/><G125/><N who="1" m="47626" /><E122/><V92/><F115/><W112/><G112/><T106/><D35/><U132/><E132/><V59/><F107/><W8/><G53/><T46/><D113/><U118/><E118/><V48/><F76/><W30/><G63/><T38/><D58/><U87/><E91/><V70/><F70/><W31/><G31/><T73/><D108/><N who="2" m="41578" /><F71/><W13/><G40/><T100/><D106/><U19/><E19/><V56/><F60/><W104/><G104/><T6/><D3/><U128/><E128/><N who="3" m="49226" /><G2/><T44/><D134/><U103/><E103/><V10/><F10/><W16/><AGARI ba="0,0" hai="8,11,13,14,16,18,26,30,32,37,39" m="49226" machi="16" ten="30,2000,0" yaku="19,1,54,1" doraHai="94" who="3" fromWho="3" sc="235,-5,227,-5,227,-10,311,20" /><INIT seed="3,0,0,4,5,21" ten="230,222,217,331" oya="3" hai0="49,73,70,86,122,71,4,85,109,36,88,120,29" hai1="131,80,25,9,52,63,106,6,98,14,99,42,40" hai2="75,87,132,83,54,84,77,17,67,34,10,97,96" hai3="0,108,58,31,123,60,116,43,35,117,20,23,11"/><W50/><G123/><T100/><D36/><U95/><E131/><V105/><F34/><W104/><G104/><T79/><D73/><U5/><E5/><V125/><F67/><W8/><G35/><T44/><D109/><U33/><E80/><N who="2" m="45119" /><F54/><W107/><G107/><T53/><D100/><U114/><E114/><V69/><F17/><W15/><G108/><T111/><D111/><U55/><E106/><V3/><F10/><W128/><G128/><T112/><D112/><U119/><E119/><V133/><F3/><W37/><G37/><T18/><D4/><U12/><E12/><V47/><F47/><N who="3" m="25983" /><G0/><T16/><D29/><U103/><E99/><N who="2" m="37963" /><F69/><W26/><G117/><T39/><D39/><U1/><E1/><V74/><F105/><W76/><G116/><T94/><D71/><U101/><E101/><V115/><F125/><W57/><G76/><T51/><D70/><U27/><E33/><V91/><F115/><W32/><G32/><T2/><D2/><U82/><E55/><V65/><F65/><N who="3" m="39055" /><G58/><N who="0" m="33071" /><D122/><U124/><E124/><V72/><F84/><W110/><G110/><T56/><D56/><N who="1" m="35207" /><E42/><V7/><F7/><W59/><G59/><T30/><D120/><U78/><E40/><V90/><F90/><W41/><G41/><N who="0" m="24975" /><D30/><U130/><E130/><V38/><F38/><W92/><G92/><T45/><D45/><U66/><E66/><V89/><F89/><W135/><G135/><AGARI ba="0,0" hai="72,74,83,87,91,132,133,135" m="37963,45119" machi="135" ten="30,3900,0" yaku="20,1,34,2" doraHai="21" who="2" fromWho="3" sc="230,0,222,0,217,39,331,-39" /><INIT seed="4,0,0,5,0,91" ten="230,222,256,292" oya="0" hai0="73,60,131,64,95,122,124,116,127,2,7,5,114" hai1="0,94,128,11,99,92,18,103,83,110,13,71,75" hai2="67,31,132,70,74,126,65,52,37,107,9,96,47" hai3="69,58,29,23,32,27,17,14,8,82,119,112,21"/><T77/><D116/><U6/><E71/><V100/><F74/><W16/><G69/><T113/><D122/><U97/><E128/><V123/><F123/><W10/><G119/><T59/><D131/><U44/><E110/><V36/><F132/><W41/><G41/><T111/><D111/><U104/><E44/><V48/><F126/><N who="0" m="48170" /><D2/><U42/><E42/><V102/><F102/><W66/><G82/><N who="0" m="45359" /><D95/><U28/><E28/><V79/><F79/><W33/><G66/><T130/><D130/><U98/><E98/><V133/><F133/><W78/><G78/><T109/><D109/><U121/><E121/><V80/><F80/><W56/><G56/><T76/><D76/><U34/><E34/><N who="3" m="13418" /><G58/><T35/><D35/><U1/><E83/><V40/><F31/><N who="3" m="17903" /><G112/><AGARI ba="0,0" hai="5,7,59,60,64,112,113,114" m="45359,48170" machi="112" ten="30,2900,0" yaku="15,1,18,1" doraHai="91" who="0" fromWho="3" sc="230,29,222,0,256,0,292,-29" /><INIT seed="4,1,0,0,4,125" ten="259,222,256,263" oya="0" hai0="100,104,61,43,71,109,79,8,9,21,29,94,37" hai1="97,35,96,66,60,108,114,124,56,118,48,91,49" hai2="44,134,23,6,63,4,51,7,82,62,70,84,42" hai3="5,67,1,10,116,0,130,126,12,53,28,105,50"/><T93/><D109/><U75/><E108/><V86/><F134/><W55/><G116/><T131/><D104/><U122/><E35/><V110/><F110/><W76/><G105/><T65/><D79/><U54/><E75/><V45/><F70/><W47/><G126/><T40/><D131/><U32/><E32/><V117/><F117/><W68/><G28/><T120/><D120/><U106/><E122/><V88/><F23/><W128/><G76/><T132/><D132/><U73/><E73/><V72/><F72/><W74/><G74/><T129/><D129/><N who="3" m="49769" /><G55/><T80/><D80/><U102/><E114/><V133/><F133/><W17/><G17/><T20/><D29/><U11/><E124/><V77/><REACH who="2" step="1"/><F45/><REACH who="2" ten="259,222,246,263" step="2"/><W26/><G26/><T16/><D21/><U111/><E111/><V90/><F90/><W78/><G78/><T87/><D20/><U22/><E118/><V33/><F33/><W69/><G69/><T127/><D71/><U57/><E22/><V92/><AGARI ba="1,1" hai="4,6,7,42,44,51,62,63,77,82,84,86,88,92" machi="92" ten="30,7900,0" yaku="1,1,0,1,8,1,54,1,53,0" doraHai="125" doraHaiUra="113" who="2" fromWho="2" sc="259,-40,222,-21,246,92,263,-21" /><INIT seed="5,0,0,0,2,96" ten="219,201,338,242" oya="1" hai0="42,59,9,106,0,25,113,38,22,18,121,55,131" hai1="88,57,104,36,133,87,97,11,56,62,35,19,12" hai2="51,50,13,28,124,126,7,33,75,128,32,17,69" hai3="101,47,44,115,45,84,93,77,37,68,111,98,3"/><U4/><E36/><V118/><F118/><W16/><G111/><T83/><D113/><U64/><E35/><N who="2" m="13387" /><F28/><W26/><G3/><T129/><D106/><U5/><E133/><V82/><F69/><W134/><G68/><T14/><D121/><U48/><E97/><V79/><F7/><W127/><G115/><T71/><D71/><U61/><E48/><V132/><F132/><W23/><G127/><N who="2" m="48681" /><F128/><W74/><G134/><T119/><D119/><U78/><E78/><V107/><F107/><W1/><G1/><T116/><D0/><U95/><REACH who="1" step="1"/><E104/><REACH who="1" ten="219,191,338,242" step="2"/><V41/><F41/><W135/><G135/><T52/><D116/><U34/><E34/><V76/><F79/><W108/><G108/><T60/><D42/><U10/><E10/><AGARI ba="0,1" hai="10,13,17,50,51,75,76,82" m="48681,13387" machi="10" ten="30,1000,0" yaku="18,1" doraHai="96" who="2" fromWho="1" sc="219,0,191,-10,338,20,242,0" /><INIT seed="6,0,0,4,0,128" ten="219,181,358,242" oya="2" hai0="126,51,102,97,79,73,132,84,2,67,91,90,111" hai1="47,25,121,61,56,15,33,49,3,85,20,53,71" hai2="122,29,95,130,30,63,43,28,110,34,81,96,38" hai3="27,88,75,22,109,42,57,129,16,74,8,114,125"/><V82/><F122/><W11/><G109/><T55/><D2/><U135/><E3/><V70/><F34/><W77/><G129/><T6/><D111/><U46/><E33/><V52/><F130/><W123/><G123/><T5/><D73/><U117/><E117/><V133/><F110/><W12/><G42/><T86/><D67/><U105/><E105/><V100/><F133/><W26/><G77/><T116/><D79/><U87/><E121/><V44/><F70/><W124/><G57/><T134/><D126/><N who="3" m="48745" /><G114/><T19/><D19/><U89/><E135/><N who="0" m="51753" /><D86/><U37/><E15/><V72/><F72/><N who="3" m="27691" /><G88/><N who="0" m="33835" /><D84/><U69/><E87/><V50/><F38/><W103/><G103/><T83/><D83/><N who="2" m="31754" /><F63/><W0/><G0/><T62/><D62/><U31/><E37/><V39/><F39/><W120/><G120/><T113/><D113/><U40/><REACH who="1" step="1"/><E47/><REACH who="1" ten="219,171,358,242" step="2"/><V119/><F119/><W92/><G92/><AGARI ba="0,1" hai="20,25,31,40,46,49,53,56,61,69,71,85,89,92" machi="92" ten="30,3900,0" yaku="1,1,2,1,7,1,53,0" doraHai="128" doraHaiUra="94" who="1" fromWho="3" sc="219,0,171,49,358,0,242,-39" /><INIT seed="7,0,0,5,3,117" ten="219,220,358,203" oya="3" hai0="9,83,104,12,46,33,56,11,111,36,75,80,41" hai1="125,110,28,17,32,21,87,53,65,82,109,86,5" hai2="81,37,31,35,123,22,134,10,116,72,66,74,97" hai3="60,26,27,94,107,2,54,76,89,130,85,132,122"/><W0/><G107/><T91/><D111/><U78/><E125/><V68/><F116/><W3/><G130/><T79/><D104/><U127/><E127/><V99/><F37/><W49/><G132/><T131/><D33/><U58/><E65/><V20/><F35/><W112/><G112/><T88/><D131/><U50/><E5/><V67/><F10/><W135/><G135/><T105/><D105/><U6/><E6/><V113/><F134/><W38/><G38/><T8/><D12/><U42/><E42/><V120/><F81/><W114/><G114/><T84/><REACH who="0" step="1"/><D56/><REACH who="0" ten="209,220,358,203" step="2"/><U45/><E58/><V133/><F133/><W119/><G119/><T63/><D63/><U23/><E32/><V43/><F113/><W47/><G122/><T55/><D55/><U40/><E53/><V13/><F68/><W73/><REACH who="3" step="1"/><G60/><REACH who="3" ten="209,220,358,193" step="2"/><T24/><D24/><N who="1" m="16399" /><E110/><V90/><F120/><W77/><G77/><AGARI ba="0,2" hai="8,9,11,36,41,46,75,77,79,80,83,84,88,91" machi="77" ten="40,2600,0" yaku="1,1,54,1,53,0" doraHai="117" doraHaiUra="18" who="0" fromWho="3" sc="209,46,220,0,358,0,193,-26" owari="255,6.0,220,-18.0,358,45.0,167,-33.0" /></mjloggm>