<mjloggm ver="2.3"><GO type="225" lobby="0"/><UN n0="%E5%AE%89%E6%B2%B3%E5%86%85%E2%98%86%E7%BE%8E%E5%AD%90" n1="%E3%82%8C%E3%81%A3%E3%81%A9%E3%81%A9%E3%81%A3%E3%81%90" n2="%E4%B8%8A%E6%9D%B1%E3%82%AD%E3%83%B3%E3%82%B0" n3="%E3%81%8D%E3%82%8A%E3%81%B5%E3%81%A0" dan="16,16,16,17" rate="2116.86,2086.81,2063.58,2187.52" sx="F,F,M,M"/><TAIKYOKU oya="0"/><INIT seed="0,0,0,1,3,38" ten="250,250,250,250" oya="0" hai0="112,25,24,34,4,5,56,105,66,3,42,18,43" hai1="36,80,71,39,131,48,17,0,20,103,86,33,133" hai2="6,22,37,30,124,90,116,84,19,128,132,81,118" hai3="119,96,83,62,51,102,13,106,129,125,44,15,107"/><T94/><D105/><U113/><E71/><V28/><F128/><W111/><G111/><T92/><D112/><U12/><E33/><V69/><F124/><W82/><G125/><T2/><D66/><U85/><E0/><N who="0" m="41" /><D18/><U99/><E131/><V98/><F132/><W61/><G129/><T68/><D56/><U74/><E133/><V115/><F115/><W52/><G119/><N who="2" m="45609" /><F6/><N who="0" m="2666" /><D68/><U114/><E114/><V75/><F69/><W11/><G107/><T40/><D34/><U95/><E113/><V27/><F37/><W54/><G15/><T126/><D126/><U134/><E134/><V32/><F75/><W87/><G54/><T123/><D123/><U26/><E39/><V1/><F1/><W63/><REACH who="3" step="1"/><G87/><REACH who="3" ten="250,250,250,240" step="2"/><T101/><D101/><U41/><E86/><V16/><F98/><W76/><G76/><T127/><D127/><U47/><E74/><V57/><F84/><W135/><G135/><T110/><D110/><U88/><E36/><V50/><F27/><AGARI ba="0,1" hai="24,25,27,40,42,43,92,94" m="2666,41" machi="27" ten="40,12000,1" yaku="28,2,52,3" doraHai="38" who="0" fromWho="2" sc="250,130,250,0,250,-120,240,0" /><AGARI ba="0,0" hai="12,17,20,26,27,41,47,48,80,85,88,95,99,103" machi="27" ten="40,5200,0" yaku="8,1,52,1,54,1" doraHai="38" who="1" fromWho="2" sc="380,0,250,52,130,-52,240,0" /><INIT seed="0,1,0,4,1,43" ten="380,302,78,240" oya="0" hai0="26,132,44,15,78,109,13,122,91,63,39,16,84" hai1="47,7,99,53,35,64,60,123,46,36,104,25,19" hai2="8,72,70,11,28,102,1,22,115,121,29,51,125" hai3="3,119,38,20,66,33,74,23,129,127,93,49,85"/><T56/><D122/><U117/><E117/><V30/><F121/><W32/><G119/><T62/><D109/><U40/><E7/><V88/><F72/><W94/><G74/><T68/><D132/><U58/><E123/><V107/><F70/><W12/><G38/><T50/><D78/><U113/><E113/><V0/><F115/><W79/><G3/><T71/><D39/><U128/><E128/><V41/><F125/><W76/><G129/><T134/><D134/><U2/><E2/><V27/><F1/><W75/><G75/><T59/><D68/><U131/><E131/><V126/><F126/><W106/><G106/><T5/><D71/><U118/><E118/><V4/><F8/><W14/><G127/><T61/><D26/><U120/><E120/><V65/><F65/><W114/><G66/><T24/><D24/><U105/><E99/><V17/><F107/><W48/><G85/><T21/><D13/><U112/><E112/><AGARI ba="1,0" hai="12,14,20,23,32,33,48,49,76,79,93,94,112,114" machi="112" ten="25,1600,0" yaku="22,2" doraHai="43" who="3" fromWho="1" sc="380,0,302,-19,78,0,240,19" /><INIT seed="1,0,0,2,4,93" ten="380,283,78,259" oya="1" hai0="38,35,17,133,74,28,44,107,91,18,64,13,86" hai1="61,122,24,125,8,83,76,78,50,48,95,128,120" hai2="49,45,3,108,63,36,94,110,39,104,26,2,124" hai3="87,12,16,102,46,132,25,43,77,58,55,57,11"/><U75/><E128/><V119/><F119/><W115/><G132/><T67/><D107/><U40/><E125/><V79/><F104/><W70/><G70/><T33/><D74/><U130/><E130/><V6/><F124/><W56/><G115/><T84/><D133/><U127/><E127/><V59/><F79/><W71/><G71/><T53/><D18/><U123/><E78/><V85/><F26/><W101/><G55/><T113/><D113/><U117/><E117/><V51/><F85/><W69/><G69/><T29/><D35/><U80/><E80/><V100/><F94/><W9/><G9/><T92/><D33/><U106/><E106/><V114/><F100/><W32/><G25/><T111/><D84/><U23/><E8/><V118/><F118/><W97/><G32/><T68/><D68/><U129/><E129/><V99/><F114/><W96/><G87/><T15/><D38/><U30/><E40/><V5/><F59/><W66/><G66/><N who="0" m="25131" /><D111/><U19/><E61/><V90/><F63/><W60/><G60/><T82/><D82/><U10/><E95/><V4/><F4/><W121/><G77/><T73/><D73/><U0/><REACH who="1" step="1"/><E30/><REACH who="1" ten="380,273,78,259" step="2"/><V116/><F116/><W103/><REACH who="3" step="1"/><G121/><REACH who="3" ten="380,273,78,249" step="2"/><T21/><D28/><U42/><E42/><V89/><REACH who="2" step="1"/><F45/><REACH who="2" ten="380,273,68,249" step="2"/><W47/><G47/><T20/><D44/><U27/><E27/><V62/><F62/><W134/><G134/><T41/><D29/><U22/><E22/><V72/><F72/><W37/><AGARI ba="0,3" hai="11,12,16,37,43,46,56,57,58,96,97,101,102,103" machi="37" ten="30,12000,2" yaku="1,1,0,1,52,2,54,1,53,1" doraHai="93" doraHaiUra="14" who="3" fromWho="3" sc="380,-30,273,-60,68,-30,249,150" /><INIT seed="2,0,0,4,3,130" ten="350,213,38,399" oya="2" hai0="4,50,20,125,43,61,124,18,38,74,91,114,2" hai1="134,12,6,69,52,101,108,75,3,117,34,123,63" hai2="27,78,97,79,60,131,48,109,32,23,98,76,105" hai3="62,113,133,41,56,99,21,87,11,9,116,111,58"/><V67/><F131/><W17/><G116/><T90/><D38/><U37/><RYUUKYOKU type="yao9" ba="0,0" sc="350,0,213,0,38,0,399,0" hai1="3,6,12,34,37,52,63,69,75,101,108,117,123,134" /><INIT seed="2,1,0,2,3,5" ten="350,213,38,399" oya="2" hai0="34,46,118,70,96,15,18,126,69,11,19,101,98" hai1="25,104,10,7,17,125,90,135,68,106,26,108,0" hai2="57,73,28,113,123,82,75,31,103,99,72,124,63" hai3="62,100,51,54,20,122,77,134,85,87,132,97,6"/><V64/><F123/><W14/><G62/><T39/><D118/><U22/><E68/><V30/><F113/><W130/><G130/><T102/><D34/><U109/><E135/><N who="3" m="51754" /><G77/><T67/><D126/><U116/><E116/><V92/><REACH who="2" step="1"/><F124/><REACH who="2" ten="350,213,28,399" step="2"/><W43/><G122/><T12/><D70/><U33/><E125/><V50/><F50/><W128/><G128/><T61/><D39/><U66/><E106/><V24/><F24/><W81/><G51/><T16/><D46/><U112/><E104/><V114/><F114/><W38/><G38/><T21/><REACH who="0" step="1"/><D19/><REACH who="0" ten="340,213,28,399" step="2"/><U95/><E17/><V65/><F65/><W29/><G29/><T55/><D55/><U40/><E66/><V88/><F88/><W115/><G54/><T42/><D42/><U59/><E40/><V91/><F91/><W47/><G47/><T56/><D56/><U53/><E59/><V23/><F23/><W8/><G43/><T107/><D107/><U94/><E53/><V76/><AGARI ba="1,2" hai="28,30,31,57,63,64,72,73,75,76,82,92,99,103" machi="76" ten="30,3000,0" yaku="1,1,0,1,53,0" doraHai="5" doraHaiUra="80" who="2" fromWho="2" sc="340,-11,213,-11,28,53,399,-11" /><INIT seed="2,2,0,5,3,0" ten="329,202,81,388" oya="2" hai0="108,28,95,61,98,24,6,107,120,47,20,126,49" hai1="58,103,94,62,32,87,21,84,18,45,93,76,70" hai2="92,121,106,101,19,127,29,57,33,135,133,123,36" hai3="131,42,22,129,43,78,50,34,134,96,46,99,113"/><V60/><F127/><W73/><G34/><T114/><D120/><U77/><E70/><V130/><F130/><N who="3" m="49675" /><G134/><N who="2" m="51209" /><F36/><W119/><G119/><T10/><D114/><U48/><E32/><V80/><F106/><W40/><G113/><T27/><D107/><U51/><E76/><V72/><F19/><W68/><G68/><T7/><D126/><U25/><E77/><N who="2" m="44071" /><F33/><W122/><G122/><N who="2" m="46601" /><F29/><W100/><G78/><T67/><D28/><U52/><E48/><V16/><F16/><W110/><G73/><T109/><D49/><U14/><E25/><V8/><F8/><W3/><G22/><T38/><D10/><U82/><E82/><V4/><F4/><W125/><G125/><T53/><D24/><U17/><E17/><V79/><F79/><W11/><G11/><T74/><D27/><U111/><E93/><V63/><F57/><W132/><G132/><T117/><D20/><U1/><E1/><V69/><F69/><W37/><G37/><T91/><D38/><U71/><E71/><V54/><F54/><W41/><G3/><T88/><D53/><U59/><E59/><V31/><F31/><W83/><G83/><T85/><D74/><U115/><E115/><V104/><F104/><N who="3" m="63495" /><G99/><AGARI ba="2,0" hai="60,63,92,99,101" m="46601,44071,51209" machi="99" ten="30,1500,0" yaku="20,1" doraHai="0" who="2" fromWho="3" sc="329,0,202,0,81,21,388,-21" /><INIT seed="2,3,0,3,1,100" ten="329,202,102,367" oya="2" hai0="109,39,125,82,85,48,7,89,91,72,119,63,113" hai1="70,111,42,3,75,22,97,38,77,67,49,24,62" hai2="47,83,18,96,9,108,23,53,115,45,127,55,41" hai3="90,21,32,112,81,12,44,56,43,99,16,123,36"/><V50/><F115/><W120/><G112/><T28/><D113/><U88/><E3/><V86/><F127/><W17/><G32/><T106/><D39/><U8/><E111/><V124/><F124/><W34/><G34/><T31/><D125/><U0/><E38/><V60/><F108/><W5/><G5/><T134/><D109/><U69/><E69/><V87/><F96/><W110/><G110/><T15/><D72/><U64/><E64/><V102/><F102/><W35/><G35/><T54/><D119/><U65/><E65/><V14/><F60/><W103/><G56/><T101/><D134/><U30/><E77/><V133/><F133/><W71/><G71/><T132/><D132/><U117/><E75/><V104/><F104/><W74/><G17/><T6/><D63/><U107/><E117/><V126/><F126/><W92/><G74/><T58/><D91/><U4/><E49/><N who="2" m="26799" /><F53/><W84/><AGARI ba="3,0" hai="12,16,21,36,43,44,81,84,90,92,99,103,120,123" machi="84" ten="30,2000,0" yaku="0,1,54,1" doraHai="100" who="3" fromWho="3" sc="329,-8,202,-8,102,-13,367,29" /><INIT seed="3,0,0,3,5,100" ten="321,194,89,396" oya="3" hai0="121,25,124,51,122,56,15,4,127,41,79,99,64" hai1="93,89,126,19,6,96,44,65,43,118,14,90,128" hai2="109,48,0,101,37,21,11,72,81,76,5,20,63" hai3="30,12,7,23,47,114,82,95,77,1,13,52,38"/><W134/><G134/><T115/><D99/><U45/><E128/><V10/><F109/><W112/><G95/><T129/><D79/><U33/><E33/><V3/><F48/><W69/><G69/><T18/><D129/><U27/><E65/><V50/><F50/><W84/><G1/><T62/><D25/><U103/><E126/><N who="0" m="48169" /><D4/><U80/><E27/><V78/><F63/><W22/><G7/><T94/><D94/><U42/><E6/><V55/><F55/><W57/><G30/><T132/><D18/><U92/><E80/><V34/><F10/><W67/><G23/><T74/><D15/><U113/><E113/><V125/><F125/><W135/><G13/><T46/><D74/><U117/><E103/><V9/><F9/><W70/><G22/><T24/><D24/><U59/><E59/><V85/><F3/><W86/><G86/><T75/><D75/><U73/><E73/><V111/><F111/><W116/><G84/><T66/><D132/><U98/><E14/><V39/><F78/><W8/><G77/><T97/><D97/><U29/><E29/><V68/><F85/><W87/><G87/><T40/><D115/><U104/><E19/><V58/><F58/><W88/><G8/><T60/><D41/><U110/><E110/><V120/><F120/><W35/><G135/><T54/><D62/><U105/><AGARI ba="0,0" hai="42,43,44,45,89,90,92,93,96,98,104,105,117,118" machi="105" ten="25,8000,1" yaku="0,1,22,2,52,2" doraHai="100" who="1" fromWho="1" sc="321,-20,194,80,89,-20,396,-40" owari="301,10.0,274,-13.0,69,-43.0,356,46.0" /></mjloggm>