<mjloggm ver="2.3"><GO type="169" lobby="0"/><UN n0="%73%6F%75%74%68%65%72%6E" n1="%51%6F%6F%E5%9D%8A" n2="%63%61%70%64%75%63%61%6C" n3="%64%75%72%72%72%72%72" dan="16,16,16,17" rate="2058.00,2038.91,2125.68,2149.31" sx="M,M,M,M"/><TAIKYOKU oya="0"/><INIT seed="0,0,0,3,3,121" ten="250,250,250,250" oya="0" hai0="116,67,22,107,133,100,33,15,71,89,28,10,115" hai1="19,132,130,42,134,5,7,86,26,61,35,46,9" hai2="131,51,125,70,34,44,109,88,122,8,81,12,112" hai3="113,80,54,85,60,27,79,90,74,20,38,91,1"/><T36/><D115/><U39/><E61/><V96/><F70/><W18/><G113/><T128/><D116/><U31/><E7/><V17/><F34/><W108/><G38/><T57/><D36/><U29/><E86/><V87/><F112/><W25/><G1/><T40/><D40/><U0/><E130/><V84/><F131/><W4/><G4/><T106/><D128/><U2/><E19/><V14/><F122/><W50/><G60/><N who="0" m="40423" /><D57/><U99/><E0/><V59/><F59/><N who="3" m="33239" /><G74/><T32/><D22/><U104/><REACH who="1" step="1"/><E29/><REACH who="1" ten="250,240,250,250" step="2"/><V97/><F87/><W24/><G108/><T13/><D28/><U127/><E127/><V83/><F109/><W92/><G79/><T45/><D133/><U62/><E62/><V78/><F125/><W48/><G18/><T68/><D68/><U69/><E69/><V117/><F117/><W98/><G27/><T82/><D107/><U47/><E47/><V63/><F63/><W58/><G20/><T94/><D45/><U102/><AGARI ba="0,1" hai="2,5,9,26,31,35,39,42,46,99,102,104,132,134" machi="102" ten="30,12000,2" yaku="1,1,0,1,23,2,53,2" doraHai="121" doraHaiUra="129" who="1" fromWho="1" sc="250,-60,240,130,250,-30,250,-30" /><INIT seed="1,0,0,2,2,132" ten="190,370,220,220" oya="1" hai0="73,133,27,37,7,80,69,89,64,117,11,90,104" hai1="5,44,99,55,116,41,119,93,8,50,68,35,114" hai2="22,3,71,67,122,48,120,26,20,58,85,83,66" hai3="134,14,42,9,12,51,79,106,97,13,60,31,82"/><U108/><E35/><V96/><F3/><W38/><G38/><T46/><D117/><U32/><E32/><V24/><F96/><W61/><G9/><T94/><D133/><U72/><E72/><V102/><F102/><W123/><G123/><T36/><D104/><U52/><E114/><V16/><F71/><W88/><G134/><T95/><D27/><U77/><E68/><V75/><F75/><W91/><G31/><T110/><D110/><U118/><E77/><V53/><F122/><W127/><G106/><T84/><D64/><U78/><E78/><V33/><F33/><W0/><G0/><T30/><D30/><U57/><E108/><V54/><F54/><W56/><G127/><T76/><D46/><U92/><E55/><V45/><F58/><W126/><G126/><T107/><D107/><U65/><E65/><V135/><F120/><W28/><G28/><T39/><D69/><U21/><E21/><V4/><F4/><W109/><G109/><T1/><REACH who="0" step="1"/><D37/><REACH who="0" ten="180,370,220,220" step="2"/><U70/><E70/><V34/><F135/><W74/><G56/><T111/><D111/><U105/><E105/><V29/><REACH who="2" step="1"/><F34/><REACH who="2" ten="180,370,210,220" step="2"/><W49/><G42/><T128/><D128/><U59/><E41/><V100/><F100/><W130/><G130/><T124/><D124/><U47/><E57/><V86/><F86/><AGARI ba="0,2" hai="1,7,11,36,39,73,76,80,84,86,89,90,94,95" machi="86" ten="30,3900,0" yaku="1,1,7,1,9,1,53,0" doraHai="132" doraHaiUra="63" who="0" fromWho="2" sc="180,59,370,0,210,-39,220,0" /><INIT seed="2,0,0,0,4,30" ten="239,370,171,220" oya="2" hai0="82,79,64,40,127,24,111,71,99,90,131,18,114" hai1="134,23,39,84,59,96,45,120,32,46,100,37,125" hai2="116,74,110,123,53,128,22,41,10,76,65,126,129" hai3="34,52,132,63,130,61,43,108,0,75,12,28,109"/><V25/><F41/><W57/><G0/><T98/><D114/><U115/><E115/><V3/><F65/><W56/><G75/><T97/><D40/><U4/><E4/><V103/><F103/><W122/><G122/><T88/><D111/><N who="3" m="42569" /><G132/><T49/><D131/><U6/><E6/><V14/><F3/><W133/><G133/><T67/><D127/><U81/><E59/><V16/><F110/><W48/><G130/><N who="2" m="50281" /><F123/><W117/><G117/><T1/><D49/><U27/><E134/><V7/><F116/><W105/><G105/><T72/><D1/><U91/><E120/><V20/><F126/><W95/><G12/><T2/><D2/><U87/><E125/><V51/><F22/><W113/><G113/><T80/><D80/><U86/><E81/><N who="2" m="45207" /><F51/><W62/><G43/><T73/><D73/><U17/><E39/><V70/><F53/><N who="3" m="33967" /><G95/><T47/><D47/><U119/><E37/><V60/><F60/><W5/><G5/><T33/><D71/><AGARI ba="0,0" hai="7,10,14,16,20,25,70,71" m="45207,50281" machi="71" ten="30,2900,0" yaku="19,1,54,1" doraHai="30" who="2" fromWho="0" sc="239,-29,370,0,171,29,220,0" /><INIT seed="2,1,0,0,5,96" ten="210,370,200,220" oya="2" hai0="55,49,80,38,98,68,12,112,118,131,74,133,28" hai1="24,76,129,73,82,63,100,42,15,7,130,60,56" hai2="115,81,72,125,117,46,85,86,93,2,44,104,91" hai3="107,27,39,43,16,78,13,36,64,21,128,45,17"/><V127/><F2/><W135/><G107/><T75/><D112/><U90/><E42/><V113/><F46/><W99/><G135/><T32/><D38/><U87/><E24/><V134/><F44/><W48/><G128/><T30/><D68/><U59/><E7/><V4/><F4/><W58/><G78/><T22/><D32/><U8/><E8/><V110/><F134/><W114/><G114/><N who="2" m="43529" /><F117/><W35/><G99/><T37/><D133/><U40/><E15/><V94/><F110/><W101/><G101/><T23/><D37/><U88/><E40/><V47/><F47/><W26/><G26/><T89/><D131/><N who="1" m="50187" /><E100/><V123/><F123/><W67/><G35/><T79/><D75/><U6/><E6/><V51/><F51/><W124/><G124/><N who="2" m="47689" /><F72/><W19/><G19/><T95/><D118/><U126/><E126/><V57/><F57/><N who="1" m="22089" /><E73/><V69/><F69/><W11/><REACH who="3" step="1"/><G39/><REACH who="3" ten="210,370,200,210" step="2"/><T109/><D74/><N who="1" m="43287" /><E90/><N who="2" m="51503" /><F104/><W84/><G84/><T108/><D108/><U0/><E0/><V54/><F54/><AGARI ba="1,1" hai="11,13,16,17,21,27,36,43,45,48,54,58,64,67" machi="54" ten="40,2600,0" yaku="1,1,54,1,53,0" doraHai="96" doraHaiUra="77" who="3" fromWho="2" sc="210,0,370,0,200,-29,210,39" /><INIT seed="3,0,0,1,2,116" ten="210,370,171,249" oya="3" hai0="134,29,102,100,99,61,9,128,49,118,107,39,85" hai1="5,125,6,51,58,110,108,70,55,72,31,124,89" hai2="25,117,54,24,82,97,60,22,77,94,65,42,19" hai3="48,66,98,131,104,121,67,30,56,21,27,130,47"/><W3/><G3/><T123/><D118/><U34/><E72/><V76/><F42/><W36/><G36/><T91/><D39/><U26/><E70/><V20/><F82/><W135/><G135/><T8/><D134/><U15/><E89/><V18/><F117/><W17/><G121/><T127/><D127/><N who="1" m="48715" /><E15/><V96/><F65/><W64/><G104/><T83/><D102/><U75/><E75/><V119/><F119/><W79/><G98/><T101/><D101/><U63/><E63/><V35/><F35/><W28/><G79/><T103/><D103/><U4/><AGARI ba="0,0" hai="4,5,6,26,31,34,51,55,58,108,110" m="48715" machi="4" ten="40,1500,0" yaku="18,1" doraHai="116" who="1" fromWho="1" sc="210,-4,370,15,171,-4,249,-7" /><INIT seed="4,0,0,5,3,87" ten="206,385,167,242" oya="0" hai0="27,105,68,112,6,95,9,101,102,46,19,30,111" hai1="120,109,3,77,39,13,129,118,64,71,83,93,99" hai2="89,57,117,115,85,58,37,21,32,119,11,53,104" hai3="107,61,84,78,133,122,51,44,97,80,126,60,8"/><T90/><D68/><U113/><E39/><V15/><F32/><W17/><G133/><T127/><D112/><U50/><E3/><V7/><F37/><W110/><G110/><T34/><D127/><U14/><E120/><V70/><F70/><W26/><G126/><T56/><D105/><U66/><E113/><V55/><F104/><W65/><G122/><T81/><D81/><U123/><E123/><V25/><F115/><W18/><G107/><T131/><D131/><U72/><E109/><V48/><F119/><W62/><G97/><T36/><D19/><U5/><E118/><V108/><F108/><W59/><G18/><T24/><D24/><U88/><E129/><V124/><F124/><W94/><G94/><T12/><D56/><U22/><E71/><V114/><F114/><W116/><G116/><T4/><D4/><U86/><E14/><V76/><F76/><W52/><G8/><T28/><D28/><U125/><E125/><V91/><F85/><W96/><G96/><T43/><REACH who="0" step="1"/><D111/><REACH who="0" ten="196,385,167,242" step="2"/><U1/><E5/><V100/><F117/><W130/><G130/><T42/><D42/><U134/><E134/><V0/><F0/><W31/><REACH who="3" step="1"/><G17/><REACH who="3" ten="196,385,167,232" step="2"/><T67/><D67/><U38/><E64/><V23/><F100/><W45/><G45/><T98/><AGARI ba="0,2" hai="6,9,12,27,30,34,36,43,46,90,95,98,101,102" machi="98" ten="20,7800,0" yaku="1,1,0,1,7,1,52,1,53,0" doraHai="87" doraHaiUra="103" who="0" fromWho="0" sc="196,98,385,-26,167,-26,232,-26" /><INIT seed="4,1,0,0,4,43" ten="294,359,141,206" oya="0" hai0="13,37,83,40,16,69,89,105,23,38,33,131,56" hai1="125,112,123,79,98,26,8,61,71,75,22,50,108" hai2="65,17,4,0,19,135,119,87,93,94,127,76,63" hai3="128,117,28,34,53,132,80,115,57,113,46,134,97"/><T35/><D69/><U44/><E123/><V107/><F107/><W120/><G28/><T30/><D105/><U102/><E108/><V92/><F0/><W7/><G34/><T52/><D131/><U54/><E75/><V51/><F4/><W95/><G7/><T133/><D133/><N who="3" m="51305" /><G128/><T2/><D2/><U58/><E79/><V18/><F135/><W36/><G80/><T27/><D35/><U55/><E71/><V14/><F119/><W101/><G117/><T60/><REACH who="0" step="1"/><D40/><REACH who="0" ten="284,359,141,206" step="2"/><U129/><E129/><V103/><F103/><W72/><G120/><T96/><D96/><U68/><E68/><V24/><F127/><W32/><G32/><T74/><D74/><U1/><E125/><V64/><F24/><W5/><G72/><T78/><D78/><U31/><E1/><V90/><F76/><W114/><G114/><T15/><D15/><U67/><E112/><V45/><F14/><W110/><G110/><T25/><D25/><U47/><E8/><V81/><REACH who="2" step="1"/><F63/><REACH who="2" ten="284,359,131,206" step="2"/><N who="3" m="36271" /><G5/><T21/><D21/><U10/><E10/><V49/><F49/><W111/><G111/><T116/><D116/><U121/><E121/><V104/><F104/><W3/><G3/><T42/><D42/><AGARI ba="1,2" hai="17,18,19,42,45,51,64,65,81,87,90,92,93,94" machi="42" ten="40,5200,0" yaku="1,1,8,1,52,1,53,0" doraHai="43" doraHaiUra="73" who="2" fromWho="0" sc="284,-55,359,0,131,75,206,0" /><AGARI ba="1,0" hai="36,42,46,95,97,101,113,115" m="36271,51305" machi="42" ten="30,2000,0" yaku="20,1,52,1" doraHai="43" who="3" fromWho="0" sc="229,-20,359,0,206,0,206,20" /><INIT seed="5,0,0,2,0,53" ten="209,359,206,226" oya="1" hai0="13,103,29,83,57,99,81,107,60,7,72,118,23" hai1="134,37,114,112,33,86,49,129,32,127,18,97,21" hai2="55,115,24,54,105,38,109,64,126,12,4,128,110" hai3="124,88,41,131,22,35,34,79,76,132,71,1,9"/><U36/><E86/><V44/><F105/><W104/><G71/><T74/><D118/><U48/><E97/><V78/><F64/><W69/><G69/><T125/><D125/><U17/><E127/><V66/><F66/><W120/><G124/><T130/><D130/><U61/><E61/><V31/><F78/><W73/><G104/><T67/><D7/><U40/><E40/><V58/><F126/><W94/><G22/><T119/><D119/><U59/><E21/><V42/><F55/><W43/><G9/><T51/><D51/><U122/><E134/><V108/><F128/><W80/><G1/><T93/><D107/><U96/><E96/><V91/><F91/><W101/><G101/><T0/><D0/><U98/><E98/><V39/><F39/><W26/><G120/><T20/><D20/><U50/><E50/><V68/><F68/><W106/><G106/><T62/><D62/><U27/><E27/><V133/><F133/><W10/><G132/><T121/><D121/><U113/><E129/><V3/><F3/><W84/><G131/><T56/><D56/><U14/><E113/><V5/><F5/><W102/><G102/><T117/><D117/><U2/><E59/><V89/><F109/><W16/><G79/><T87/><D13/><U95/><E14/><V6/><F108/><W90/><G90/><N who="0" m="51583" /><D81/><U28/><E2/><V70/><F110/><W15/><REACH who="3" step="1"/><G26/><AGARI ba="0,0" hai="23,26,29,57,60,67,72,74,93,99,103" m="51583" machi="26" ten="30,2000,0" yaku="25,1,52,1" doraHai="53" who="0" fromWho="3" sc="209,20,359,0,206,0,226,-20" /><INIT seed="6,0,0,2,0,90" ten="229,359,206,206" oya="2" hai0="41,57,26,7,33,115,49,80,109,40,108,46,50" hai1="113,5,22,2,66,43,10,110,85,58,83,70,4" hai2="71,135,121,36,17,29,114,24,52,68,15,88,27" hai3="119,91,125,102,78,59,54,21,105,62,131,89,134"/><V123/><F36/><W28/><G119/><T6/><D115/><U92/><E110/><V98/><F114/><W56/><G134/><T72/><D72/><U129/><E70/><V130/><F135/><W79/><G131/><T112/><D112/><U106/><E106/><V53/><F130/><W1/><G1/><T84/><D33/><U133/><E43/><V8/><F27/><N who="3" m="16495" /><G105/><T87/><D26/><U76/><E5/><V3/><F3/><W107/><G107/><T111/><D57/><U117/><E117/><V48/><F53/><N who="3" m="34063" /><G102/><T63/><D63/><U30/><E113/><V97/><F68/><W16/><G16/><T126/><D126/><U13/><E133/><V60/><F71/><W96/><G125/><T31/><D31/><U11/><E129/><V20/><F60/><N who="3" m="35959" /><G91/><T47/><D6/><U55/><E4/><V61/><F61/><W18/><G18/><T14/><D7/><U9/><E30/><V103/><F103/><W127/><G127/><T86/><D14/><U124/><E13/><V101/><F101/><W100/><G100/><T132/><D132/><U118/><E124/><V51/><F51/><W99/><G89/><AGARI ba="0,0" hai="40,41,46,47,49,50,80,84,86,87,89,108,109,111" machi="89" ten="40,1300,0" yaku="9,1" doraHai="90" who="0" fromWho="3" sc="229,13,359,0,206,0,206,-13" /><INIT seed="7,0,0,1,4,15" ten="242,359,206,193" oya="3" hai0="92,31,71,28,25,33,108,22,38,43,61,45,1" hai1="6,129,105,131,72,35,100,75,49,99,78,116,90" hai2="56,127,124,114,74,81,95,44,2,113,98,96,93" hai3="132,66,126,23,110,103,121,109,89,104,112,69,128"/><W37/><RYUUKYOKU type="yao9" ba="0,0" sc="242,0,359,0,206,0,193,0" hai3="23,37,66,69,89,103,104,109,110,112,121,126,128,132" /><INIT seed="7,1,0,3,2,43" ten="242,359,206,193" oya="3" hai0="131,86,116,101,103,11,12,46,66,114,123,10,53" hai1="41,61,23,132,32,102,111,71,5,15,1,96,20" hai2="98,7,2,62,0,108,40,106,124,89,6,16,54" hai3="135,85,8,34,13,87,118,72,80,125,88,68,70"/><W59/><G118/><T92/><D116/><U18/><E111/><V78/><F108/><W45/><G72/><T115/><D123/><U42/><E23/><V97/><F40/><W39/><G34/><T14/><D66/><U74/><E74/><V37/><F37/><W127/><G135/><T128/><D46/><U105/><E32/><V52/><F78/><W130/><G130/><N who="0" m="49707" /><D53/><U36/><E36/><V104/><F62/><W133/><G133/><T50/><D50/><U69/><E69/><V67/><F67/><W79/><G59/><T29/><D29/><U21/><E21/><V91/><F124/><N who="3" m="47691" /><G39/><T99/><D86/><U38/><E38/><V95/><F95/><N who="3" m="54671" /><G45/><T119/><D103/><U129/><E102/><V19/><AGARI ba="1,0" hai="0,2,6,7,16,19,52,54,89,91,97,98,104,106" machi="19" ten="25,8000,1" yaku="0,1,22,2,54,2" doraHai="43" who="2" fromWho="2" sc="242,-21,359,-21,206,83,193,-41" owari="221,-18.0,338,44.0,289,9.0,152,-35.0" /></mjloggm>