<mjloggm ver="2.3"><GO type="185" lobby="0"/><UN n0="%E2%98%86%E3%83%97%E3%83%A9%E3%83%81%E3%83%8A" n1="%45%6D%75%72%61%74%65%64" n2="%E3%82%B2%E3%83%B3%E3%82%BA" n3="" dan="16,18,16,0" rate="2217.14,2301.58,2075.36,1500.00" sx="M,M,M,C"/><TAIKYOKU oya="0"/><INIT seed="0,0,0,4,0,53" ten="350,350,350,0" oya="0" hai0="112,88,69,97,37,55,133,125,96,42,67,85,73" hai1="131,99,35,98,62,49,39,38,68,87,61,108,78" hai2="65,41,86,123,122,80,33,130,94,51,120,56,76" hai3=""/><T95/><D112/><U79/><E35/><V75/><N who="2" m="30752" /><V46/><N who="2" m="31264" /><V102/><N who="2" m="31520" /><V3/><F33/><T127/><D133/><U43/><E131/><V128/><F3/><T100/><D73/><U71/><E49/><V74/><F102/><T104/><D67/><U124/><E87/><V92/><F92/><T106/><D69/><U0/><E43/><V109/><F109/><T116/><D116/><U134/><E108/><V34/><F34/><T48/><D42/><U82/><E82/><V58/><F65/><T89/><D37/><U115/><E134/><V83/><F94/><T2/><D2/><U110/><E110/><V1/><F1/><T57/><D89/><U119/><E0/><V44/><F44/><T107/><REACH who="0" step="1"/><D97/><REACH who="0" ten="340,350,350,0" step="2"/><U114/><E119/><V84/><F75/><T118/><D118/><U103/><E103/><V40/><F41/><T111/><D111/><U70/><E70/><V129/><F74/><T135/><D135/><U52/><E52/><V121/><N who="2" m="31008" /><V105/><F105/><AGARI ba="0,1" hai="48,55,57,85,88,95,96,100,104,105,106,107,125,127" machi="105" ten="40,7700,0" yaku="1,1,52,1,54,1,53,0" doraHai="53" doraHaiUra="64" who="0" fromWho="2" sc="340,87,350,0,350,-77,0,0" /><INIT seed="0,1,0,5,5,58" ten="427,350,273,0" oya="0" hai0="109,87,82,35,92,113,3,114,71,36,62,76,102" hai1="98,45,117,99,127,2,110,46,54,104,57,83,111" hai2="60,68,41,131,97,44,61,96,72,48,38,120,118" hai3=""/><T32/><D3/><U49/><E2/><V84/><N who="2" m="30752" /><V93/><F131/><T70/><D36/><U108/><E117/><V79/><F72/><T37/><D37/><U129/><E129/><V123/><N who="2" m="31520" /><V59/><F118/><T90/><D109/><U65/><E127/><V116/><F116/><T132/><D132/><U115/><E115/><V34/><F34/><T121/><N who="0" m="31008" /><T107/><D71/><U135/><E135/><V73/><F73/><T81/><D81/><U85/><E104/><V75/><F75/><T105/><D113/><U50/><E65/><V78/><F96/><N who="1" m="36905" /><E50/><V103/><F84/><T128/><D128/><U88/><AGARI ba="1,0" hai="45,46,49,54,57,83,85,88,108,110,111" m="36905" machi="88" ten="40,2000,0" yaku="14,1,54,1" doraHai="58" who="1" fromWho="1" sc="427,-14,350,22,273,-8,0,0" /><INIT seed="1,0,0,3,4,133" ten="413,372,265,0" oya="1" hai0="37,88,84,86,58,75,134,1,97,98,64,100,52" hai1="91,43,82,107,68,63,76,77,35,50,69,42,130" hai2="61,110,96,125,73,66,106,62,60,94,99,124,67" hai3=""/><U103/><E35/><V47/><F73/><T72/><D1/><U46/><E130/><V65/><F110/><T95/><D37/><U105/><E42/><V80/><F80/><T74/><D134/><U54/><E103/><V89/><REACH who="2" step="1"/><F47/><REACH who="2" ten="413,372,255,0" step="2"/><T51/><REACH who="0" step="1"/><D64/><REACH who="0" ten="403,372,255,0" step="2"/><U34/><E34/><V57/><F57/><T135/><D135/><U93/><E69/><V116/><F116/><T40/><D40/><U39/><E68/><V83/><F83/><T81/><D81/><U121/><E82/><V132/><F132/><T122/><N who="0" m="31264" /><T108/><D108/><U118/><E118/><V78/><F78/><T127/><D127/><U120/><E77/><V126/><F126/><T129/><D129/><U115/><E76/><V123/><N who="2" m="31520" /><V131/><F131/><T85/><D85/><U33/><E33/><V59/><F59/><T117/><D117/><U0/><E121/><V49/><F49/><T3/><D3/><U114/><E0/><V128/><F128/><T79/><D79/><U2/><E2/><V45/><F45/><T92/><AGARI ba="0,2" hai="51,52,58,72,74,75,84,86,88,92,95,97,98,100" m="31264" machi="92" ten="40,6000,1" yaku="1,1,0,1,52,1,54,2,53,0" doraHai="133" doraHaiUra="36" who="0" fromWho="0" sc="403,80,372,-40,255,-20,0,0" /><INIT seed="2,0,0,4,5,92" ten="483,332,235,0" oya="2" hai0="95,74,116,119,41,48,42,67,134,87,133,54,56" hai1="80,129,112,34,36,53,39,63,125,123,52,57,86" hai2="83,2,68,50,106,104,55,35,96,76,113,126,49" hai3=""/><V51/><F35/><T69/><D74/><U101/><N who="1" m="31520" /><U46/><E34/><V122/><N who="2" m="31264" /><V62/><F113/><T81/><D69/><U70/><E112/><V65/><F2/><T103/><D67/><U32/><E32/><V114/><F114/><T124/><D124/><U111/><E125/><V105/><F126/><T77/><D103/><U131/><E70/><V109/><F109/><T118/><REACH who="0" step="1"/><D95/><REACH who="0" ten="473,332,235,0" step="2"/><U84/><E111/><V93/><F55/><T85/><D85/><U58/><E101/><V0/><F0/><T91/><D91/><U117/><E86/><V75/><REACH who="2" step="1"/><F106/><REACH who="2" ten="473,332,225,0" step="2"/><T37/><D37/><U115/><E115/><V73/><F73/><T33/><D33/><U120/><E36/><V72/><F72/><T98/><D98/><U97/><E97/><V78/><F78/><T110/><D110/><U66/><E39/><V60/><F60/><T40/><AGARI ba="0,2" hai="40,41,42,48,54,56,77,81,87,116,118,119,133,134" machi="40" ten="40,2000,0" yaku="1,1,0,1,53,0" doraHai="92" doraHaiUra="61" who="0" fromWho="0" sc="473,40,332,-7,225,-13,0,0" /><INIT seed="4,0,0,4,1,128" ten="513,325,212,0" oya="0" hai0="110,38,117,108,69,101,85,106,52,41,66,121,114" hai1="82,36,105,2,70,122,92,102,67,81,32,134,90" hai2="73,119,132,93,118,91,35,133,59,3,33,39,56" hai3=""/><T135/><N who="0" m="31008" /><T130/><D117/><N who="2" m="44554" /><F39/><T109/><D130/><U111/><N who="1" m="31264" /><U51/><E51/><V116/><N who="2" m="44562" /><V96/><DORA hai="75" /><F73/><T125/><D125/><U49/><E49/><V46/><F3/><T104/><D101/><U78/><E36/><V43/><F43/><T64/><D114/><U48/><E48/><V99/><F46/><T42/><D85/><U87/><E2/><V86/><F96/><T50/><D69/><U127/><E70/><V61/><F86/><T0/><D0/><U80/><E127/><V37/><F37/><T71/><D71/><U76/><E32/><N who="2" m="12363" /><F59/><T45/><D42/><U58/><E58/><V34/><N who="2" m="12371" /><V62/><DORA hai="88" /><F56/><T131/><D131/><U98/><E111/><V113/><F113/><T83/><D41/><U72/><E72/><V123/><N who="2" m="31520" /><V74/><F74/><T97/><D38/><U63/><E67/><V89/><F89/><T47/><D64/><U77/><E63/><AGARI ba="0,0" hai="61,62,63,91,93,99,132,133" m="31520,12371,44562" machi="63" ten="60,8000,1" yaku="12,1,52,4" doraHai="128,75,88" who="2" fromWho="1" sc="513,0,325,-80,212,80,0,0" /><INIT seed="5,0,0,3,3,76" ten="513,245,292,0" oya="1" hai0="115,95,32,85,50,122,68,44,127,114,128,78,41" hai1="133,88,121,74,67,69,65,112,36,59,86,81,84" hai2="92,71,77,90,54,99,0,123,96,134,46,104,83" hai3=""/><U38/><N who="1" m="31008" /><U101/><E74/><V62/><N who="2" m="31520" /><V110/><F110/><T66/><N who="0" m="31264" /><T94/><D32/><U42/><E69/><V98/><F0/><T100/><D127/><U135/><E112/><N who="0" m="43049" /><D128/><U61/><E101/><V131/><F131/><T53/><D100/><U107/><E107/><V39/><F134/><N who="1" m="51209" /><E42/><V125/><F125/><T82/><D53/><U113/><E113/><V3/><F3/><T91/><D78/><U109/><E109/><V55/><F104/><T48/><D48/><U37/><E86/><V63/><F71/><T108/><D108/><U1/><E1/><V33/><F33/><T52/><D41/><U124/><E124/><V57/><F39/><T111/><D111/><U119/><E119/><V35/><F35/><T129/><D129/><U120/><N who="1" m="30752" /><U34/><E34/><V64/><F64/><AGARI ba="0,0" hai="36,37,38,59,61,64,65,67,81,84,88" m="30752,51209,31008" machi="64" ten="40,12000,1" yaku="20,1,52,3,54,1" doraHai="76" who="1" fromWho="2" sc="513,0,245,120,292,-120,0,0" /><INIT seed="5,1,0,3,2,59" ten="513,365,172,0" oya="1" hai0="53,115,71,2,66,126,65,113,130,106,48,89,97" hai1="85,119,75,61,46,117,51,105,50,121,80,108,55" hai2="33,74,81,77,67,93,35,127,111,1,64,47,42" hai3=""/><U56/><N who="1" m="31008" /><U100/><E108/><V112/><F111/><T103/><D2/><U125/><E125/><V101/><F127/><T41/><D126/><U40/><E75/><V109/><F109/><T32/><D32/><U134/><E134/><V114/><F1/><T36/><D41/><U70/><E100/><V90/><F101/><T69/><D36/><U43/><E105/><V87/><F35/><T91/><D130/><U116/><E70/><N who="0" m="26633" /><D89/><U84/><E80/><V76/><F33/><T68/><D91/><U98/><E98/><V79/><F74/><T86/><D86/><U54/><REACH who="1" step="1"/><E43/><REACH who="1" ten="513,355,172,0" step="2"/><V124/><F81/><T83/><D68/><U72/><E72/><V120/><N who="2" m="30752" /><V44/><F124/><T107/><D107/><U45/><AGARI ba="1,1" hai="40,45,46,50,51,54,55,56,61,84,85,116,117,119" m="31008" machi="45" ten="40,8000,1" yaku="1,1,0,1,52,2,53,0" doraHai="59" doraHaiUra="102" who="1" fromWho="1" sc="513,-41,355,92,172,-41,0,0" /><INIT seed="5,2,0,5,0,123" ten="472,447,131,0" oya="1" hai0="70,130,108,77,69,50,112,124,0,49,131,122,115" hai1="48,73,65,93,55,34,53,71,132,109,100,99,47" hai2="62,88,85,59,114,80,90,92,128,1,60,103,3" hai3=""/><U97/><E34/><V127/><F128/><N who="0" m="49194" /><D0/><U38/><E73/><V95/><F127/><T2/><N who="0" m="31264" /><T42/><D2/><U129/><E129/><V117/><F117/><T121/><N who="0" m="31008" /><T75/><D124/><U134/><E38/><V61/><F114/><N who="0" m="43562" /><D108/><U37/><E37/><V119/><F119/><T110/><D110/><U72/><E72/><V94/><F103/><T76/><D42/><U105/><E109/><V33/><F33/><T78/><D75/><U116/><E116/><V126/><F126/><T46/><D46/><U104/><E53/><V39/><F39/><T89/><D89/><U58/><E47/><V135/><F135/><T66/><D66/><U111/><E111/><V106/><F106/><T107/><D107/><U43/><E43/><V96/><F3/><T57/><D57/><U87/><E65/><V101/><F1/><T63/><D63/><U118/><E118/><V67/><REACH who="2" step="1"/><F95/><REACH who="2" ten="472,447,121,0" step="2"/><T98/><D98/><AGARI ba="2,1" hai="59,60,61,62,67,80,85,88,90,92,94,96,98,101" machi="98" ten="30,12000,2" yaku="1,1,2,1,7,1,8,1,54,1,53,1" doraHai="123" doraHaiUra="83" who="2" fromWho="0" sc="472,-124,447,0,121,134,0,0" /><INIT seed="6,0,0,1,1,62" ten="348,447,255,0" oya="2" hai0="76,51,122,40,78,0,75,131,70,53,38,129,58" hai1="118,55,67,56,121,112,134,114,100,43,84,93,120" hai2="34,110,127,83,130,59,61,82,85,99,92,94,77" hai3=""/><V48/><F34/><T123/><N who="0" m="31264" /><T68/><N who="0" m="31520" /><T97/><D0/><U116/><N who="1" m="30752" /><U125/><N who="1" m="31008" /><U115/><E134/><V54/><F127/><T2/><D2/><U36/><E125/><V33/><F130/><N who="0" m="49674" /><D75/><U35/><E35/><V73/><F33/><T95/><D40/><U46/><E67/><V66/><F110/><T103/><D38/><U104/><E104/><V133/><F133/><T117/><D117/><U50/><E100/><V47/><REACH who="2" step="1"/><F99/><REACH who="2" ten="348,447,245,0" step="2"/><T57/><D57/><U109/><E109/><V119/><F119/><T88/><D103/><U42/><E118/><V124/><F124/><T3/><D3/><U98/><E116/><V132/><F132/><T102/><D102/><U79/><E98/><V107/><F107/><T108/><D108/><U90/><E115/><V64/><F64/><T72/><D72/><U101/><E101/><V113/><F113/><T49/><D70/><U91/><E114/><V126/><F126/><T80/><D68/><U1/><E112/><V81/><F81/><T32/><D32/><U128/><E128/><V44/><F44/><T106/><D106/><U74/><E46/><V71/><F71/><T89/><D80/><U87/><E1/><V65/><F65/><RYUUKYOKU ba="0,1" sc="348,-10,447,-10,245,20,0,0" hai2="47,48,54,59,61,66,73,77,82,83,85,92,94" /><INIT seed="6,1,1,5,5,35" ten="338,437,265,0" oya="2" hai0="100,39,50,126,49,84,106,98,80,99,125,59,48" hai1="129,118,2,58,63,44,111,57,60,56,132,109,90" hai2="71,38,104,114,124,108,47,89,87,133,62,53,64" hai3=""/><V82/><F114/><T68/><D68/><U76/><E2/><V0/><F0/><T70/><D70/><U42/><E76/><V45/><F124/><N who="0" m="47722" /><D39/><U41/><E129/><V101/><F133/><T73/><D73/><U32/><E32/><V115/><F115/><T97/><D59/><U127/><E127/><V40/><F108/><T34/><D34/><U128/><E128/><V91/><F104/><T3/><D3/><U94/><E132/><V135/><F135/><T74/><D74/><U36/><E41/><V102/><REACH who="2" step="1"/><F91/><AGARI ba="1,1" hai="48,49,50,80,84,91,97,98,99,100,106" m="47722" machi="91" ten="30,1000,0" yaku="18,1" doraHai="35" who="0" fromWho="2" sc="338,22,437,0,265,-12,0,0" owari="360,-4.0,437,39.0,253,-35.0,0,0.0" /></mjloggm>