<mjloggm ver="2.3"><GO type="169" lobby="0"/><UN n0="%E8%A9%A9%E6%9A%A2" n1="%E5%AB%8C%E3%81%84%E3%81%98%E3%82%83%E3%81%AA%E3%81%84%E3%82%8F%EF%BC%81" n2="%E3%81%9F%E3%81%8F%E3%81%98%E3%82%8D%E3%81%86" n3="%E6%B2%96%E3%83%92%E3%82%AB%E3%83%AB%EF%BC%88%E6%9C%AC%E7%89%A9%EF%BC%89" dan="16,18,18,16" rate="2150.27,2205.91,2209.88,2106.62" sx="F,M,M,F"/><TAIKYOKU oya="0"/><INIT seed="0,0,0,4,1,97" ten="250,250,250,250" oya="0" hai0="91,82,10,124,78,122,125,117,44,55,19,130,101" hai1="111,15,68,118,123,7,29,76,94,45,3,32,48" hai2="33,103,49,74,84,17,114,65,63,0,22,39,71" hai3="60,35,105,28,56,67,128,20,127,66,75,38,41"/><T99/><D117/><U24/><E118/><V92/><F74/><W12/><G75/><T88/><D122/><U72/><E123/><V102/><F33/><W25/><G105/><N who="0" m="63679" /><D130/><U46/><E68/><V93/><F39/><W108/><G128/><T54/><D10/><U73/><E76/><V126/><F0/><W83/><G127/><N who="0" m="48715" /><D19/><U62/><E3/><V9/><F114/><W43/><G83/><T98/><D44/><U5/><E46/><V100/><F126/><W110/><G67/><T109/><D109/><N who="3" m="42089" /><G38/><T79/><D55/><U2/><E2/><V69/><F69/><W77/><G77/><N who="0" m="29195" /><D54/><U119/><E72/><V120/><F120/><W64/><G64/><T135/><D135/><U112/><E73/><V89/><F49/><W61/><G61/><T80/><D98/><U85/><E111/><V8/><REACH who="2" step="1"/><F93/><REACH who="2" ten="250,250,240,250" step="2"/><W40/><G35/><T95/><D95/><U36/><E94/><V53/><F53/><W18/><G66/><T87/><D82/><U129/><E32/><V23/><F23/><N who="3" m="15423" /><G60/><T115/><D115/><U113/><E62/><V30/><F30/><W31/><G31/><T106/><D106/><U16/><E112/><V131/><F131/><W57/><AGARI ba="0,1" hai="12,18,20,40,41,43,56,57" m="15423,42089" machi="57" ten="40,1500,0" yaku="14,1" doraHai="97" who="3" fromWho="3" sc="250,-7,250,-4,240,-4,250,25" /><INIT seed="1,0,0,5,1,103" ten="243,246,236,275" oya="1" hai0="56,80,119,128,68,76,95,87,127,57,92,69,100" hai1="37,108,29,24,132,70,83,47,111,106,75,42,105" hai2="38,61,60,81,48,34,58,51,50,66,114,1,28" hai3="118,93,41,2,40,82,65,5,113,13,20,120,22"/><U73/><E70/><N who="2" m="42311" /><F28/><W52/><G120/><T15/><D119/><U27/><E132/><V133/><F81/><W109/><G65/><T135/><D135/><U14/><E14/><V16/><F16/><N who="3" m="10255" /><G2/><T94/><D128/><U49/><E27/><V90/><F90/><W30/><G118/><T44/><D127/><U124/><E124/><V84/><F84/><W79/><G113/><T89/><D100/><U134/><E49/><V130/><F34/><W110/><G5/><T91/><D69/><U129/><E129/><V67/><F1/><W43/><G93/><T85/><D68/><U104/><E134/><V71/><F133/><W98/><G98/><T97/><D95/><U101/><E101/><V11/><F11/><W55/><G22/><T8/><REACH who="0" step="1"/><D44/><REACH who="0" ten="233,246,236,275" step="2"/><U64/><E64/><N who="2" m="38967" /><F130/><W54/><G30/><T19/><AGARI ba="0,1" hai="8,15,19,56,57,76,80,85,87,89,91,92,94,97" machi="19" ten="20,5200,0" yaku="1,1,0,1,7,1,8,1,53,0" doraHai="103" doraHaiUra="18" who="0" fromWho="0" sc="233,62,246,-26,236,-13,275,-13" /><INIT seed="2,0,0,0,3,51" ten="295,220,223,262" oya="2" hai0="90,39,128,133,95,110,26,3,32,93,22,17,50" hai1="7,126,96,10,103,11,117,9,135,46,49,5,53" hai2="23,59,45,1,75,27,77,92,130,15,115,14,113" hai3="132,98,38,88,56,122,64,119,131,125,6,100,72"/><V71/><F1/><W86/><G38/><T116/><D39/><U24/><E126/><V18/><F71/><W134/><G125/><T79/><D3/><U25/><E135/><V52/><F130/><W97/><G122/><T2/><D2/><U80/><E117/><V33/><F45/><W16/><G119/><T87/><D116/><U127/><E127/><V19/><F92/><W81/><G6/><T35/><D133/><N who="3" m="51305" /><G131/><T89/><D128/><U91/><E25/><V8/><F33/><W68/><G72/><T129/><D129/><U31/><E80/><V60/><REACH who="2" step="1"/><F27/><REACH who="2" ten="295,220,213,262" step="2"/><W85/><G68/><T55/><D35/><U67/><E24/><V66/><F66/><W36/><G36/><T4/><D32/><U69/><E67/><V82/><AGARI ba="0,1" hai="8,14,15,18,19,23,52,59,60,75,77,82,113,115" machi="82" ten="30,11700,0" yaku="1,1,0,1,52,1,54,1,53,0" doraHai="51" doraHaiUra="101" who="2" fromWho="2" sc="295,-39,220,-39,213,127,262,-39" /><INIT seed="2,1,0,2,5,93" ten="256,181,340,223" oya="2" hai0="71,11,75,6,92,81,23,21,24,7,90,32,76" hai1="25,43,85,86,83,33,82,12,57,1,105,115,14" hai2="52,97,127,74,119,101,13,132,106,107,19,18,77" hai3="73,126,103,84,110,28,20,64,63,123,116,131,22"/><V39/><F119/><W59/><G73/><T135/><D71/><U56/><E1/><V15/><F39/><W49/><G123/><T34/><D135/><U120/><E105/><V35/><F35/><W133/><G116/><T3/><D7/><U98/><E115/><V69/><F69/><W111/><G133/><T78/><D78/><U130/><E130/><V128/><F128/><W58/><G131/><T91/><D91/><U129/><E129/><V112/><F112/><W45/><G126/><T54/><D54/><U17/><E43/><V79/><F132/><W80/><G103/><T89/><D89/><U27/><E33/><V68/><F68/><W46/><G59/><T113/><D113/><U0/><E0/><V125/><F52/><N who="3" m="29743" /><G28/><T122/><D122/><U108/><E120/><V48/><F48/><W87/><G87/><T72/><D72/><U70/><E70/><V65/><F74/><W121/><G46/><T37/><D37/><U38/><E38/><V10/><F65/><W47/><G47/><T124/><D124/><N who="2" m="47690" /><F107/><W5/><G5/><T99/><REACH who="0" step="1"/><D23/><AGARI ba="1,0" hai="10,13,15,18,19,23,77,79,97,101,106" m="47690" machi="23" ten="30,2900,0" yaku="18,1,52,1" doraHai="93" who="2" fromWho="0" sc="256,-32,181,0,340,32,223,0" /><INIT seed="2,2,0,3,0,130" ten="224,181,372,223" oya="2" hai0="50,85,103,44,101,129,15,122,43,13,68,113,80" hai1="37,53,4,8,51,56,74,93,100,84,128,39,82" hai2="1,126,46,135,118,64,120,70,66,98,125,81,72" hai3="119,52,116,89,95,99,90,78,79,40,9,30,3"/><V121/><F1/><W25/><G40/><T111/><D122/><N who="2" m="47210" /><F98/><W21/><G119/><T59/><D113/><U133/><E128/><V110/><F81/><W88/><G116/><T61/><D68/><U31/><E74/><V28/><F28/><W0/><G0/><T12/><D129/><U7/><E31/><V127/><F72/><W22/><G3/><T109/><D109/><U34/><E34/><V123/><F123/><W104/><G104/><T132/><D111/><U20/><E39/><V106/><F106/><W32/><G9/><T62/><D62/><U17/><E37/><V115/><F118/><W114/><G114/><T63/><D63/><U108/><E8/><V105/><F105/><W36/><G36/><T45/><D45/><U2/><E2/><V38/><F115/><W10/><G10/><T41/><D41/><U47/><E108/><V102/><F102/><W67/><G67/><N who="2" m="25641" /><F110/><W48/><G22/><T58/><D103/><U96/><E7/><V76/><F76/><N who="3" m="29227" /><G32/><T91/><D101/><U112/><E4/><V75/><F75/><W49/><G49/><T54/><REACH who="0" step="1"/><D59/><AGARI ba="2,0" hai="21,25,30,48,52,59,88,89,90,95,99" m="29227" machi="59" ten="30,3900,0" yaku="8,1,54,2" doraHai="130" who="3" fromWho="0" sc="224,-45,181,0,372,0,223,45" /><INIT seed="3,0,0,0,5,102" ten="179,181,372,268" oya="3" hai0="6,95,74,31,52,25,96,49,56,36,133,86,128" hai1="32,89,132,79,76,72,99,125,65,88,27,71,114" hai2="7,13,84,2,51,26,117,75,50,134,81,126,24" hai3="118,60,103,42,21,12,110,17,97,16,22,127,83"/><W35/><G118/><T98/><D74/><U58/><E114/><V38/><F38/><W41/><G127/><T67/><D36/><U34/><E125/><V90/><F2/><W106/><G35/><T47/><D128/><U87/><E71/><V113/><F117/><W69/><G110/><T3/><D133/><U4/><E72/><V63/><F134/><W18/><G83/><T129/><D129/><U73/><E73/><V68/><F75/><W121/><G121/><T20/><D6/><U64/><E4/><V80/><F113/><W28/><G28/><T53/><D3/><U59/><E99/><V5/><F81/><W54/><G18/><T48/><REACH who="0" step="1"/><D67/><REACH who="0" ten="169,181,372,268" step="2"/><U123/><E132/><V112/><F126/><W109/><G109/><T33/><D33/><U55/><E123/><V8/><F5/><W85/><G85/><T94/><D94/><U9/><E87/><V92/><F112/><W61/><G61/><T23/><D23/><U120/><E120/><V104/><F92/><W45/><G69/><T15/><D15/><U43/><E9/><V29/><F63/><W91/><G60/><T44/><D44/><U100/><E34/><V135/><F68/><W111/><G111/><T107/><D107/><U46/><E32/><V30/><F135/><W122/><G122/><T39/><D39/><U82/><E46/><V78/><F104/><W10/><G10/><T131/><D131/><U0/><E64/><V119/><F119/><W11/><G11/><T66/><D66/><U57/><E65/><V19/><F7/><W93/><G106/><T70/><D70/><RYUUKYOKU ba="0,1" sc="169,30,181,-10,372,-10,268,-10" hai0="20,25,31,47,48,49,52,53,56,86,95,96,98" /><INIT seed="4,1,1,4,3,83" ten="199,171,362,258" oya="0" hai0="119,85,94,23,22,5,93,28,15,49,79,38,118" hai1="47,9,127,113,25,87,61,14,31,54,115,62,24" hai2="134,92,68,33,121,45,59,12,104,70,44,36,1" hai3="99,69,4,18,86,58,60,100,78,97,16,80,126"/><T46/><D38/><U128/><E127/><V52/><F104/><W103/><G126/><T26/><D119/><U39/><E128/><V91/><F1/><W90/><G69/><T111/><D118/><U102/><E102/><N who="3" m="38954" /><G4/><T8/><D23/><U42/><E25/><V74/><F74/><W27/><G27/><T56/><D56/><U10/><E10/><V133/><F33/><W21/><G78/><T108/><D108/><U77/><E54/><V20/><F121/><W110/><G110/><T82/><REACH who="0" step="1"/><D111/><REACH who="0" ten="189,171,362,258" step="2"/><U3/><E113/><V105/><F20/><W51/><G21/><T120/><D120/><U75/><E115/><V123/><F59/><W13/><G60/><T98/><D98/><U81/><E62/><V30/><F123/><W17/><G99/><T0/><D0/><U67/><E61/><V66/><F70/><W34/><G97/><T117/><D117/><U53/><E3/><V29/><F68/><W95/><G34/><T72/><D72/><U64/><E75/><V89/><F45/><W109/><G109/><T57/><D57/><U19/><REACH who="1" step="1"/><E53/><AGARI ba="1,2" hai="5,8,15,22,26,28,46,49,53,79,82,85,93,94" machi="53" ten="30,11600,0" yaku="1,1,7,1,8,1,52,1,53,0" doraHai="83" doraHaiUra="130" who="0" fromWho="1" sc="189,139,171,-119,362,0,258,0" /><INIT seed="4,2,0,0,1,101" ten="328,52,362,258" oya="0" hai0="113,10,9,67,81,125,41,88,20,43,7,36,56" hai1="119,79,121,55,85,13,38,78,26,124,87,71,117" hai2="2,106,18,39,47,31,4,30,91,53,65,109,49" hai3="62,58,89,24,93,72,129,75,69,22,1,3,29"/><T66/><D113/><U134/><E71/><V11/><F109/><W118/><G69/><T105/><D105/><U42/><E121/><V45/><F106/><W19/><G118/><T133/><D133/><U6/><E134/><V100/><F100/><W99/><G129/><T84/><D125/><U115/><E115/><V82/><F65/><W17/><G17/><T59/><D10/><U12/><E42/><N who="0" m="15881" /><D36/><U110/><E26/><V116/><F116/><W102/><G3/><T54/><D59/><U37/><E55/><V92/><F82/><W46/><G46/><T108/><D108/><U90/><E90/><V52/><F18/><W21/><G1/><T73/><D73/><U132/><E132/><V130/><F130/><W76/><G76/><T111/><D111/><U34/><E110/><V131/><F131/><W104/><G104/><T23/><D9/><U14/><E34/><V60/><F39/><W127/><G127/><T0/><D7/><U28/><E14/><V122/><F122/><W5/><G5/><T135/><D0/><U94/><E124/><V40/><F40/><W112/><G112/><T103/><D103/><U80/><E6/><V128/><F128/><W63/><G63/><N who="0" m="36247" /><D135/><U123/><E123/><V126/><F126/><W95/><G102/><T77/><D77/><U15/><E28/><V83/><F60/><W64/><G75/><T16/><D23/><U70/><E70/><V51/><F83/><W98/><G72/><T32/><D32/><U86/><E94/><N who="3" m="35850" /><G89/><T25/><AGARI ba="2,0" hai="16,20,25,66,67,81,84,88" m="36247,15881" machi="25" ten="30,6000,0" yaku="8,1,54,2" doraHai="101" who="0" fromWho="0" sc="328,66,52,-22,362,-22,258,-22" /><INIT seed="4,3,0,1,3,58" ten="394,30,340,236" oya="0" hai0="45,124,77,67,132,83,96,39,105,65,12,78,15" hai1="28,75,81,54,129,102,76,5,61,89,114,9,103" hai2="131,134,109,1,57,25,44,88,37,90,130,24,41" hai3="26,59,21,46,52,101,72,51,20,127,123,16,68"/><T86/><D132/><U38/><E129/><N who="2" m="49163" /><F109/><W2/><G127/><T82/><D124/><U17/><E28/><V4/><F134/><W30/><G72/><T98/><D39/><U3/><E114/><V23/><F25/><W94/><G68/><T0/><D0/><U18/><E89/><V125/><F125/><W6/><G123/><T121/><D121/><U10/><E10/><N who="2" m="2319" /><F57/><W119/><G119/><T13/><D45/><U91/><E91/><V120/><F120/><W60/><G6/><T85/><REACH who="0" step="1"/><D105/><REACH who="0" ten="384,30,340,236" step="2"/><U8/><E38/><V135/><F135/><W106/><G106/><T29/><D29/><AGARI ba="3,1" hai="23,24,29,37,41,44,88,90" m="2319,49163" machi="29" ten="30,2000,0" yaku="19,1,54,1" doraHai="58" who="2" fromWho="0" sc="384,-29,30,0,340,39,236,0" /><INIT seed="5,0,0,5,4,6" ten="355,30,379,236" oya="1" hai0="24,113,92,127,1,51,112,68,33,18,133,57,66" hai1="95,71,94,134,41,46,27,48,128,50,85,37,44" hai2="79,106,97,67,125,70,62,35,8,100,109,14,73" hai3="86,7,98,36,11,45,131,17,78,122,10,91,93"/><U99/><E134/><V104/><F109/><W81/><G122/><T4/><D133/><U59/><E128/><V117/><F117/><W49/><G36/><T16/><D127/><U34/><E71/><V88/><F125/><W55/><G131/><T40/><D68/><U13/><E59/><V0/><F0/><W29/><G29/><T65/><D33/><U123/><E123/><V54/><F35/><W21/><REACH who="3" step="1"/><G7/><REACH who="3" ten="355,30,379,226" step="2"/><T110/><D4/><U52/><E37/><V130/><F130/><W64/><G64/><T132/><D66/><U96/><E34/><V119/><F67/><W120/><G120/><T114/><D65/><U111/><E111/><V115/><F70/><W2/><G2/><T107/><D1/><U124/><E124/><V60/><F119/><W19/><G19/><T22/><D18/><U129/><E129/><V9/><F106/><W43/><G43/><T102/><D107/><U84/><E27/><AGARI ba="0,1" hai="10,11,17,21,27,45,49,55,78,81,86,91,93,98" machi="27" ten="30,8000,1" yaku="1,1,7,1,8,1,52,2,53,0" doraHai="6" doraHaiUra="53" who="3" fromWho="1" sc="355,0,30,-80,379,0,226,90" owari="355,16.0,-50,-55.0,379,47.0,316,-8.0" /></mjloggm>