<mjloggm ver="2.3"><GO type="169" lobby="0"/><UN n0="%66%61%6E%73%74%65%70" n1="%E6%B0%B4%E5%93%89%E3%81%AE%E3%83%AC%E3%82%B8%E3%82%A7%E3%83%B3%E3%83%89" n2="%E3%81%86%E3%81%91%E3%81%AA%E3%81%8C%E3%81%99%E3%81%9C" n3="%E3%81%B5%E3%81%BF%4B%55%4E" dan="16,16,16,16" rate="2118.55,2141.06,2088.31,2091.88" sx="M,M,F,M"/><TAIKYOKU oya="0"/><INIT seed="0,0,0,4,3,21" ten="250,250,250,250" oya="0" hai0="74,114,40,120,106,50,119,94,45,29,42,110,49" hai1="130,56,60,134,47,24,99,105,126,135,90,53,30" hai2="97,10,101,102,34,64,123,32,16,58,91,18,78" hai3="19,95,83,38,118,23,107,80,48,133,2,3,72"/><T79/><D120/><U113/><E113/><V75/><F123/><W54/><G38/><T43/><D114/><U117/><E117/><V87/><F75/><W36/><G36/><T51/><D106/><U125/><E47/><V44/><F44/><W20/><G107/><T69/><D119/><U86/><E105/><V7/><F78/><W111/><G111/><T89/><D45/><U85/><E99/><V108/><F108/><W73/><G133/><N who="1" m="50698" /><E86/><V109/><F109/><W26/><G95/><T37/><D37/><U92/><E130/><V71/><F71/><W27/><G118/><T131/><D131/><U33/><AGARI ba="0,0" hai="24,30,33,53,56,60,85,90,92,125,126" m="50698" machi="33" ten="30,2000,0" yaku="20,1,52,1" doraHai="21" who="1" fromWho="1" sc="250,-10,250,20,250,-5,250,-5" /><INIT seed="1,0,0,5,3,61" ten="240,270,245,245" oya="1" hai0="45,14,118,110,32,21,132,8,23,66,67,56,40" hai1="119,121,41,62,33,81,122,83,19,25,36,11,73" hai2="117,85,6,2,37,43,77,99,50,115,30,100,133" hai3="112,80,5,42,0,87,44,3,91,90,123,20,74"/><U31/><E119/><V65/><F117/><W57/><G123/><T15/><D118/><U78/><E83/><V109/><F109/><W96/><G112/><T113/><D110/><U70/><E19/><V49/><F115/><W64/><G74/><T125/><D32/><U106/><E11/><V134/><F30/><W34/><G34/><T39/><D113/><U16/><E16/><V48/><F37/><W129/><G129/><T1/><D1/><U9/><E9/><V17/><F17/><W46/><G46/><T13/><D8/><U127/><E127/><V71/><F6/><W10/><G20/><T54/><D125/><U60/><E60/><N who="2" m="40359" /><F2/><W93/><G57/><T124/><D124/><U120/><E106/><V63/><F63/><W69/><G69/><T26/><D21/><U18/><E18/><V7/><F85/><W114/><G114/><T59/><D59/><U103/><E103/><V72/><F7/><W52/><G0/><T68/><D68/><U76/><E76/><V92/><F77/><W94/><G80/><T35/><D35/><U97/><E97/><V111/><F111/><W75/><G75/><T28/><REACH who="0" step="1"/><D132/><REACH who="0" ten="230,270,245,245" step="2"/><N who="2" m="50794" /><F72/><W102/><G3/><T128/><D128/><U4/><E4/><V105/><F105/><W108/><G108/><T38/><D38/><U104/><E104/><V27/><F27/><W22/><G5/><T51/><AGARI ba="0,1" hai="13,14,15,23,26,28,39,40,45,51,54,56,66,67" machi="51" ten="30,7900,0" yaku="1,1,0,1,52,2,53,0" doraHai="61" doraHaiUra="79" who="0" fromWho="0" sc="230,89,270,-39,245,-20,245,-20" /><INIT seed="2,0,0,2,3,40" ten="319,231,225,225" oya="2" hai0="28,96,64,97,19,14,59,6,81,116,45,87,43" hai1="36,119,107,10,2,32,135,46,67,3,85,60,102" hai2="58,16,50,11,29,57,110,120,42,35,113,18,5" hai3="125,89,129,130,53,94,24,74,122,95,70,127,9"/><V69/><F113/><W47/><G70/><T56/><D116/><U112/><E119/><V90/><F69/><W111/><G122/><T100/><D6/><U79/><E112/><V118/><F118/><W72/><G24/><T15/><D28/><U121/><E121/><V21/><F120/><W13/><G111/><T76/><D15/><U23/><E135/><V91/><F35/><W93/><G89/><N who="2" m="33801" /><F110/><W83/><G13/><T115/><D115/><U31/><E85/><V104/><F104/><W128/><G9/><T114/><D114/><U37/><E79/><V77/><F77/><W126/><G83/><T12/><D12/><U98/><E23/><V65/><F11/><W0/><G0/><T8/><D64/><U78/><E78/><V54/><F42/><W22/><G22/><T75/><D75/><U27/><E10/><V82/><F82/><W30/><G30/><T134/><D134/><U62/><E62/><N who="2" m="38103" /><F5/><W61/><G61/><T73/><D73/><U39/><REACH who="1" step="1"/><E46/><REACH who="1" ten="319,221,225,225" step="2"/><V123/><F123/><W7/><G7/><T86/><D86/><U105/><E105/><V68/><F68/><AGARI ba="0,1" hai="2,3,27,31,32,36,37,39,60,67,68,98,102,107" machi="68" ten="40,12000,2" yaku="1,1,25,2,33,3,53,0" doraHai="40" doraHaiUra="41" who="1" fromWho="2" sc="319,0,221,130,225,-120,225,0" /><INIT seed="3,0,0,1,2,36" ten="319,351,105,225" oya="3" hai0="56,27,37,34,52,22,131,73,122,61,18,3,63" hai1="91,84,89,99,57,93,19,78,32,119,25,12,125" hai2="108,96,59,104,72,123,23,0,68,134,45,107,35" hai3="90,132,83,21,82,15,20,62,47,129,41,115,117"/><W77/><G115/><T81/><D122/><U80/><E125/><V10/><F123/><W106/><G106/><T16/><D131/><U38/><E119/><V130/><F35/><W39/><G129/><T67/><D3/><U126/><E126/><V4/><F130/><W70/><G117/><T50/><D37/><U103/><E38/><V133/><F68/><W95/><G132/><T42/><D34/><U8/><E32/><V116/><F116/><W48/><G39/><T1/><D1/><U121/><E121/><V120/><F120/><W30/><G30/><T33/><D33/><U112/><E112/><V66/><F72/><W105/><G105/><T101/><D101/><U6/><E57/><V111/><F45/><W14/><G70/><T46/><D73/><U13/><REACH who="1" step="1"/><E25/><REACH who="1" ten="319,341,105,225" step="2"/><V54/><F134/><W2/><G2/><T114/><D114/><U69/><E69/><V75/><F59/><W87/><G62/><T53/><D63/><U49/><E49/><V58/><F58/><W51/><G51/><T79/><D18/><U128/><E128/><V65/><F133/><W118/><G118/><T74/><AGARI ba="0,1" hai="16,22,27,42,46,50,52,53,56,61,67,74,79,81" machi="74" ten="20,8000,1" yaku="0,1,7,1,52,1,54,2" doraHai="36" who="0" fromWho="0" sc="319,90,341,-20,105,-20,225,-40" /><INIT seed="4,0,0,5,0,91" ten="409,321,85,185" oya="0" hai0="113,62,7,38,100,39,110,103,58,53,48,13,50" hai1="130,47,64,120,42,68,25,81,129,99,122,16,11" hai2="73,115,15,8,3,76,23,75,92,26,57,87,74" hai3="67,104,106,77,49,34,111,46,21,65,59,28,90"/><T70/><D113/><U123/><E81/><V128/><F115/><W107/><G111/><T101/><D110/><U71/><E99/><V121/><F121/><W109/><G109/><T17/><D7/><U131/><E64/><V108/><F108/><W125/><G34/><T84/><D70/><U86/><E86/><V95/><F3/><W96/><G77/><T36/><REACH who="0" step="1"/><D84/><REACH who="0" ten="399,321,85,185" step="2"/><U119/><E119/><V116/><F116/><W10/><G125/><T54/><D54/><U37/><E25/><V40/><F40/><W32/><G67/><T12/><D12/><AGARI ba="0,1" hai="11,12,16,37,42,47,68,71,120,122,123,129,130,131" machi="12" ten="50,3200,0" yaku="19,1,54,1" doraHai="91" who="1" fromWho="0" sc="399,-32,321,42,85,0,185,0" /><INIT seed="5,0,0,1,3,75" ten="367,363,85,185" oya="1" hai0="8,25,34,128,6,97,76,28,37,36,91,33,67" hai1="21,59,62,63,54,40,22,12,56,61,78,83,96" hai2="55,130,122,121,26,82,30,27,72,60,88,71,29" hai3="80,39,15,57,42,4,68,23,111,43,106,101,94"/><U87/><E40/><V52/><F71/><W38/><G68/><T73/><D128/><U10/><E96/><V50/><F130/><W53/><G106/><T120/><D120/><U48/><REACH who="1" step="1"/><E59/><REACH who="1" ten="367,353,85,185" step="2"/><N who="2" m="34919" /><F122/><W41/><G41/><T105/><D91/><U58/><E58/><N who="2" m="33143" /><F121/><W14/><G43/><T70/><D34/><U86/><E86/><N who="2" m="50263" /><F72/><W109/><G57/><T44/><D44/><U127/><E127/><V92/><F92/><W100/><G94/><T85/><D85/><U64/><E64/><V102/><F102/><W3/><G101/><T18/><D67/><U5/><AGARI ba="0,1" hai="5,10,12,21,22,48,54,56,61,62,63,78,83,87" machi="5" ten="30,11700,0" yaku="1,1,0,1,8,1,52,1,53,0" doraHai="75" doraHaiUra="31" who="1" fromWho="1" sc="367,-39,353,127,85,-39,185,-39" /><INIT seed="5,1,0,0,0,58" ten="328,480,46,146" oya="1" hai0="72,87,25,103,123,15,36,51,21,112,135,3,0" hai1="71,64,86,107,63,57,42,126,17,114,96,134,91" hai2="75,133,94,50,10,48,92,47,93,115,7,13,22" hai3="120,67,129,49,79,105,95,70,5,34,62,68,66"/><U19/><E114/><V33/><F33/><W78/><G105/><T130/><D72/><U101/><E134/><V41/><F75/><W27/><G120/><T9/><D135/><U77/><E126/><V18/><F133/><W121/><G121/><T56/><D36/><U131/><E131/><V20/><F115/><W88/><G5/><T8/><D112/><U37/><E77/><V97/><F50/><W32/><G49/><T11/><D123/><U98/><E98/><V128/><F128/><W26/><G129/><T14/><D130/><U28/><E28/><V108/><F108/><W46/><G46/><T80/><D103/><U23/><E23/><V90/><REACH who="2" step="1"/><F20/><REACH who="2" ten="328,480,36,146" step="2"/><W125/><G125/><T118/><D118/><U45/><REACH who="1" step="1"/><E71/><REACH who="1" ten="328,470,36,146" step="2"/><V84/><F84/><W113/><G113/><T122/><D122/><U35/><E35/><V29/><F29/><W85/><G34/><T117/><D117/><U38/><E38/><V100/><F100/><W69/><G32/><T30/><D3/><AGARI ba="1,2" hai="3,7,10,13,18,22,41,47,48,90,92,93,94,97" machi="3" ten="30,2000,0" yaku="1,1,7,1,53,0" doraHai="58" doraHaiUra="99" who="2" fromWho="0" sc="328,-23,470,0,36,43,146,0" /><INIT seed="6,0,0,4,4,81" ten="305,470,79,146" oya="2" hai0="67,27,83,101,95,85,115,68,26,59,18,16,58" hai1="8,90,117,64,97,23,111,125,17,126,10,5,21" hai2="2,128,69,25,133,20,34,38,103,72,82,19,96" hai3="98,80,53,22,110,52,79,15,57,0,71,63,74"/><V13/><F128/><W35/><G110/><T116/><D116/><U24/><E111/><V37/><F69/><W14/><G0/><T39/><D39/><U112/><E117/><V127/><F127/><N who="1" m="48649" /><E112/><V28/><F133/><W132/><G35/><T50/><D115/><U36/><E36/><V45/><F2/><W131/><G131/><T130/><D130/><U46/><E64/><V56/><F56/><W4/><G132/><T120/><D120/><U108/><E108/><V104/><REACH who="2" step="1"/><F45/><REACH who="2" ten="305,470,69,146" step="2"/><W109/><G71/><T65/><D68/><U70/><E70/><V47/><F47/><W11/><G109/><T54/><D59/><U73/><E46/><V77/><AGARI ba="0,1" hai="13,19,20,25,28,34,37,38,72,77,82,96,103,104" machi="77" ten="30,3000,0" yaku="1,1,0,1,53,0" doraHai="81" doraHaiUra="61" who="2" fromWho="2" sc="305,-10,470,-10,69,40,146,-10" /><INIT seed="6,1,0,4,4,9" ten="295,460,109,136" oya="2" hai0="104,38,99,13,34,25,115,135,42,68,121,65,16" hai1="3,107,81,98,7,49,82,83,102,86,132,51,14" hai2="35,32,4,84,67,40,31,92,100,27,15,117,118" hai3="97,48,63,105,18,106,36,33,10,60,101,73,85"/><V53/><F35/><W96/><G73/><T12/><D121/><U116/><E116/><V79/><F40/><W134/><G36/><T125/><D125/><U52/><E3/><V77/><F67/><W21/><G33/><T6/><D135/><U43/><E132/><V17/><F4/><W5/><G134/><T23/><D115/><U11/><E49/><V88/><F53/><W66/><G85/><T94/><D42/><U127/><E43/><V89/><F100/><W2/><G48/><T80/><D38/><U108/><E108/><V57/><F57/><W47/><G47/><T123/><D123/><U59/><REACH who="1" step="1"/><E127/><REACH who="1" ten="295,450,109,136" step="2"/><V56/><F56/><W72/><G2/><T22/><D68/><U71/><E71/><V41/><F41/><W20/><G63/><T8/><D65/><U133/><E133/><V44/><F44/><W109/><G60/><T111/><D111/><U103/><E103/><V90/><F118/><W131/><G101/><T87/><D104/><U113/><E113/><V37/><F37/><W95/><G106/><T45/><D45/><U62/><E62/><V61/><F61/><W69/><G105/><T1/><D34/><U26/><E26/><V50/><F117/><W19/><G69/><T126/><D126/><U24/><E24/><V122/><F122/><W129/><G66/><T128/><D128/><U46/><E46/><V74/><F50/><W28/><G109/><T54/><D54/><U30/><E30/><V93/><F32/><W64/><G131/><T124/><D124/><U120/><E120/><V110/><F110/><W39/><G129/><RYUUKYOKU ba="1,1" sc="295,-10,450,30,109,-10,136,-10" hai1="7,11,14,51,52,59,81,82,83,86,98,102,107" /><INIT seed="7,2,1,1,5,73" ten="285,480,99,126" oya="3" hai0="80,12,81,88,28,49,79,92,132,50,110,122,1" hai1="47,15,115,78,35,106,67,86,99,19,20,130,32" hai2="29,90,82,6,16,52,121,33,127,71,109,69,21" hai3="66,76,135,129,70,41,31,114,0,64,36,38,63"/><W54/><G0/><T14/><D1/><U126/><E115/><V131/><F109/><W94/><G31/><T55/><D110/><U60/><E130/><V13/><F131/><W125/><G114/><T91/><D122/><U96/><E126/><V5/><F121/><W53/><G94/><T10/><D132/><U100/><E47/><V34/><F127/><W58/><G76/><T123/><D123/><U51/><E51/><V102/><F102/><W74/><G74/><T97/><D28/><U118/><E118/><V44/><F69/><W120/><G135/><T103/><D103/><U2/><E2/><V104/><F71/><W117/><G117/><T93/><D10/><U30/><E30/><V3/><F104/><W27/><G27/><T68/><D68/><U43/><E43/><V9/><F6/><W37/><G129/><T134/><D134/><U98/><E98/><V46/><F52/><N who="3" m="20075" /><G120/><T61/><D61/><U40/><E40/><V112/><F112/><W62/><G125/><T87/><D81/><U22/><E99/><V39/><F39/><W108/><G108/><T17/><D55/><U11/><E32/><V7/><F7/><W42/><AGARI ba="2,1" hai="36,37,38,41,42,58,62,63,64,66,70" m="20075" machi="42" ten="40,18000,2" yaku="35,5,54,1" doraHai="73" who="3" fromWho="3" sc="285,-62,480,-62,99,-62,126,196" /><INIT seed="7,3,0,0,4,87" ten="223,418,37,322" oya="3" hai0="58,34,119,51,28,26,39,54,72,86,37,110,94" hai1="118,70,1,12,6,121,4,127,63,8,67,24,113" hai2="102,55,27,50,91,126,99,93,30,57,48,66,124" hai3="31,130,111,133,81,44,83,33,97,95,19,43,49"/><W117/><G117/><T29/><D72/><U45/><E121/><V116/><F116/><W101/><G130/><T65/><D119/><U64/><E118/><V0/><F0/><W109/><G133/><T9/><D110/><U89/><E113/><V98/><F126/><W2/><G2/><T20/><D65/><U17/><E127/><V125/><F125/><W35/><G19/><T76/><D29/><U73/><E73/><V77/><F77/><W129/><G129/><T25/><D76/><U18/><E67/><V88/><F124/><W92/><G92/><T106/><D106/><U71/><E71/><V32/><F66/><W90/><G101/><T53/><D9/><U82/><E45/><V122/><F122/><W115/><G115/><T40/><D40/><U11/><E24/><V128/><F128/><W131/><G131/><T21/><D34/><U112/><E112/><V108/><F108/><N who="3" m="41547" /><G31/><T80/><D94/><U15/><E1/><V56/><REACH who="2" step="1"/><F99/><REACH who="2" ten="223,418,27,322" step="2"/><W16/><G16/><T134/><D134/><U135/><E135/><V84/><F84/><AGARI ba="3,1" hai="4,6,8,11,12,15,17,18,63,64,70,82,84,89" machi="84" ten="40,2600,0" yaku="9,1,52,1" doraHai="87" who="1" fromWho="2" sc="223,0,418,45,27,-35,322,0" owari="223,-18.0,463,57.0,-8,-51.0,322,12.0" /></mjloggm>