<mjloggm ver="2.3"><GO type="169" lobby="0"/><UN n0="%E3%81%AF%E3%81%BF%E3%82%82%E3%82%93" n1="%74%6F%72%69%30%36%31%32" n2="%E3%81%A7%E3%82%93%E3%81%A4%E3%81%86" n3="%6B%75%7A%75%6E" dan="18,16,16,18" rate="2217.10,2082.28,2171.00,2231.08" sx="M,M,M,M"/><TAIKYOKU oya="0"/><INIT seed="0,0,0,2,5,7" ten="250,250,250,250" oya="0" hai0="66,102,30,23,56,53,16,65,60,51,54,15,31" hai1="97,42,36,104,72,108,110,115,120,76,124,41,39" hai2="135,11,107,84,127,61,100,77,122,27,95,35,33" hai3="50,90,75,1,89,62,99,25,130,132,47,114,88"/><T87/><D102/><N who="1" m="62543" /><E120/><V68/><F122/><W18/><G114/><T26/><D87/><U81/><E115/><V105/><F135/><W40/><G132/><T118/><D118/><U126/><E42/><V121/><F121/><W24/><G130/><T117/><D117/><U74/><E41/><V29/><F35/><W93/><G75/><T113/><D113/><U14/><E14/><V48/><F127/><N who="1" m="48681" /><E74/><V58/><F68/><W82/><G1/><T98/><D98/><U5/><E5/><V43/><F100/><W55/><G82/><T13/><D13/><U131/><E131/><V86/><F86/><W112/><G112/><T45/><REACH who="0" step="1"/><D31/><REACH who="0" ten="240,250,250,250" step="2"/><U96/><E96/><V46/><F84/><W38/><G99/><T0/><D0/><U91/><E91/><V133/><F133/><W3/><G3/><T67/><D67/><U111/><AGARI ba="0,1" hai="36,39,72,76,81,108,110,111" m="48681,62543" machi="111" ten="40,5200,0" yaku="14,1,18,1,23,1" doraHai="7" who="1" fromWho="1" sc="240,-26,250,62,250,-13,250,-13" /><INIT seed="1,0,0,1,3,42" ten="214,312,237,237" oya="1" hai0="10,114,68,38,69,1,29,88,110,45,53,89,20" hai1="7,123,107,39,0,70,77,78,66,25,27,111,87" hai2="96,98,41,113,62,46,24,54,9,51,100,35,105" hai3="76,129,56,33,57,5,85,90,55,108,60,18,95"/><U63/><E123/><V47/><F113/><W15/><G108/><T104/><D114/><U128/><E107/><V17/><F96/><W52/><G129/><T19/><D104/><U23/><E39/><V30/><F62/><W79/><G33/><T127/><D110/><U121/><E121/><V11/><REACH who="2" step="1"/><F17/><REACH who="2" ten="214,312,227,237" step="2"/><W58/><G5/><T26/><D127/><U72/><E63/><V109/><F109/><W118/><G118/><T93/><D19/><U92/><E7/><V120/><F120/><W117/><G117/><T64/><D69/><U21/><E70/><V131/><F131/><W73/><G73/><T106/><D68/><U71/><E71/><V133/><F133/><W125/><G125/><T48/><D64/><U43/><E72/><V115/><F115/><W99/><G99/><T101/><D106/><U16/><E128/><V124/><F124/><W3/><G3/><T81/><D1/><U31/><E66/><V130/><F130/><W91/><G60/><T80/><D101/><U37/><E0/><V83/><F83/><W119/><G119/><T4/><D81/><U49/><E111/><V102/><F102/><W36/><G95/><T12/><D80/><U116/><E116/><V6/><F6/><W34/><G18/><T59/><REACH who="0" step="1"/><D93/><REACH who="0" ten="204,312,227,237" step="2"/><U2/><E2/><V67/><F67/><W126/><G126/><T84/><D84/><U65/><E65/><V103/><F103/><W112/><G85/><T132/><D132/><U28/><E92/><V82/><F82/><W8/><G112/><T61/><D61/><U75/><E87/><V74/><F74/><RYUUKYOKU ba="0,2" sc="204,15,312,-15,227,15,237,-15" hai0="4,10,12,20,26,29,38,45,48,53,59,88,89" hai2="9,11,24,30,35,41,46,47,51,54,98,100,105" /><INIT seed="2,1,2,4,4,107" ten="219,297,242,222" oya="2" hai0="82,87,130,106,54,83,22,41,95,46,115,15,28" hai1="8,45,13,84,110,112,89,119,93,124,27,6,96" hai2="51,58,121,31,99,55,72,114,75,90,25,63,73" hai3="71,104,60,23,11,131,81,127,40,62,78,16,122"/><V64/><F114/><W18/><G122/><T26/><D106/><U76/><E119/><V113/><F113/><W77/><G131/><T0/><D0/><U34/><E112/><V3/><F3/><W132/><G132/><T94/><D130/><U35/><E124/><V43/><F121/><W92/><G104/><T109/><D109/><U5/><E5/><V105/><F43/><W101/><G127/><T53/><D83/><N who="1" m="47207" /><E110/><V98/><F90/><W37/><G71/><T9/><D115/><U59/><E27/><V69/><REACH who="2" step="1"/><F105/><REACH who="2" ten="219,297,232,222" step="2"/><W133/><G40/><T47/><D41/><U125/><E125/><V103/><F103/><W17/><G101/><T61/><D94/><U1/><E1/><V135/><F135/><W4/><G92/><T126/><D95/><U7/><E89/><V120/><F120/><W86/><G133/><T33/><D126/><U80/><E93/><V10/><F10/><W30/><G11/><T49/><D9/><U79/><E7/><V108/><F108/><W50/><G4/><T21/><D15/><U68/><E13/><V38/><F38/><W128/><G37/><T97/><D97/><U29/><E96/><V14/><F14/><W36/><G36/><T32/><D32/><AGARI ba="1,3" hai="25,31,32,51,55,58,63,64,69,72,73,75,98,99" machi="32" ten="40,12000,1" yaku="1,1,52,3,53,0" doraHai="107" doraHaiUra="118" who="2" fromWho="0" sc="219,-123,297,0,232,153,222,0" /><INIT seed="2,2,0,5,5,97" ten="96,297,385,222" oya="2" hai0="62,114,53,39,49,47,29,7,90,46,120,121,100" hai1="37,82,66,2,52,20,19,61,50,40,30,104,135" hai2="23,67,106,122,89,54,132,55,34,3,27,73,118" hai3="92,98,88,59,110,43,8,0,86,36,127,113,71"/><V11/><F118/><W91/><G71/><T77/><D114/><U128/><E2/><V109/><F34/><W79/><G110/><T81/><D29/><U126/><E30/><V93/><F106/><W42/><G127/><T116/><D116/><U102/><E82/><V105/><F105/><W78/><G113/><T22/><D22/><U84/><E84/><V87/><F73/><W32/><G32/><T85/><D7/><U63/><E128/><V45/><F122/><W60/><G0/><T16/><D62/><U94/><E104/><V24/><F132/><W125/><G8/><T65/><D65/><U21/><E63/><V31/><F109/><W14/><G14/><T68/><D68/><U112/><E112/><V9/><F67/><W1/><G1/><T5/><D5/><U111/><E111/><V58/><F3/><W38/><G38/><T107/><D77/><N who="3" m="29193" /><G36/><T64/><D64/><U115/><E115/><V75/><F75/><W15/><G15/><T119/><D119/><U10/><E135/><V123/><F123/><W83/><G125/><T124/><D124/><U35/><E35/><V96/><F27/><W17/><G17/><T12/><D16/><U4/><E126/><V18/><F31/><W6/><G6/><T51/><D12/><U48/><E4/><V26/><F26/><W101/><G91/><T72/><D72/><U33/><E33/><V99/><F45/><W80/><G80/><T131/><D120/><U134/><E134/><V129/><F18/><W130/><G130/><T41/><D131/><U108/><E19/><V44/><F129/><RYUUKYOKU ba="2,0" sc="96,-10,297,-10,385,-10,222,30" hai3="42,43,59,60,83,86,88,92,98,101" /><INIT seed="3,3,0,1,0,69" ten="86,287,375,252" oya="3" hai0="34,32,70,95,97,77,132,116,37,25,54,107,106" hai1="86,55,115,24,47,1,64,129,109,65,23,122,93" hai2="36,88,125,134,62,6,119,96,20,108,19,40,46" hai3="14,5,72,53,114,9,90,29,84,31,10,75,4"/><W67/><G114/><T8/><D116/><U7/><E122/><V43/><F119/><W100/><G100/><T76/><D132/><U102/><E7/><V99/><F108/><W45/><G67/><T78/><D70/><U30/><E1/><V92/><F134/><W28/><G53/><T51/><D8/><U113/><E129/><V59/><F125/><W68/><G68/><T39/><D25/><U105/><E105/><V74/><F74/><W12/><REACH who="3" step="1"/><G45/><REACH who="3" ten="86,287,375,242" step="2"/><T33/><D107/><U41/><E109/><V124/><F46/><W111/><G111/><T58/><REACH who="0" step="1"/><D106/><REACH who="0" ten="76,287,375,242" step="2"/><U15/><E113/><V22/><F124/><W13/><G13/><T131/><D131/><U17/><E115/><V56/><F56/><W38/><G38/><T127/><D127/><U101/><E15/><V89/><F36/><W82/><AGARI ba="3,2" hai="4,5,9,10,12,14,28,29,31,72,75,82,84,90" machi="82" ten="30,6000,0" yaku="1,1,0,1,9,1,53,0" doraHai="69" doraHaiUra="133" who="3" fromWho="3" sc="76,-23,287,-23,375,-23,242,89" /><INIT seed="3,4,0,2,3,113" ten="53,264,352,331" oya="3" hai0="62,15,88,92,66,117,41,21,120,106,49,110,33" hai1="23,78,111,61,63,129,89,134,3,84,10,105,43" hai2="112,68,60,77,31,34,55,26,125,93,79,29,122" hai3="51,73,131,102,58,109,101,126,52,72,44,67,124"/><W8/><G131/><T98/><D110/><U119/><E105/><V46/><F112/><W95/><G8/><T91/><D120/><U70/><E78/><V17/><F125/><N who="3" m="48235" /><G109/><T56/><D33/><U16/><E111/><V94/><F122/><W50/><G95/><T114/><D114/><U133/><E43/><V128/><F128/><W135/><G135/><N who="1" m="51722" /><E70/><V99/><F31/><W83/><G83/><T9/><D106/><U48/><E48/><V18/><F94/><W76/><G76/><T90/><D117/><U42/><E42/><V30/><F30/><W24/><G24/><T6/><REACH who="0" step="1"/><D21/><REACH who="0" ten="43,264,352,331" step="2"/><U127/><E119/><V115/><F34/><W11/><G11/><T54/><D54/><U45/><E127/><V39/><F55/><N who="3" m="30151" /><G67/><T80/><D80/><N who="1" m="49287" /><E129/><V57/><F115/><W1/><G1/><T82/><D82/><U19/><E3/><V74/><F93/><W97/><G97/><T123/><D123/><U12/><E10/><V69/><F99/><W86/><G86/><T7/><D7/><U4/><E4/><V65/><F65/><W22/><G22/><T47/><AGARI ba="4,1" hai="6,9,15,41,47,49,56,62,66,88,90,91,92,98" machi="47" ten="30,7900,0" yaku="1,1,0,1,8,1,54,1,53,0" doraHai="113" doraHaiUra="132" who="0" fromWho="0" sc="43,101,264,-24,352,-24,331,-43" /><INIT seed="4,0,0,0,0,64" ten="144,240,328,288" oya="0" hai0="90,118,71,68,115,91,99,5,88,62,110,8,120" hai1="9,72,21,2,56,13,77,12,17,86,85,37,106" hai2="11,127,93,102,105,27,95,35,100,44,131,112,4" hai3="126,22,76,40,87,116,75,10,26,107,59,41,121"/><T125/><D118/><U129/><E106/><V19/><F105/><W38/><G116/><T50/><D120/><U94/><E37/><V52/><F112/><W54/><G126/><T46/><D115/><U7/><E129/><V119/><F131/><W16/><G75/><T98/><D125/><U32/><E32/><V1/><F127/><W104/><G121/><T81/><D81/><U124/><E124/><V31/><F119/><W25/><G38/><T43/><D110/><U79/><E72/><V70/><F70/><W74/><G74/><T130/><D130/><U69/><E69/><V82/><F82/><W24/><G10/><T42/><D42/><U78/><E94/><V123/><F123/><W66/><G66/><T135/><D135/><U29/><E29/><V83/><F83/><N who="3" m="47591" /><G107/><T23/><D62/><U49/><E2/><V33/><F33/><W108/><G104/><T53/><D43/><N who="3" m="16457" /><G108/><T101/><D23/><U122/><E122/><V132/><F132/><W57/><G57/><T133/><D133/><U51/><E56/><V58/><F44/><W61/><AGARI ba="0,0" hai="16,22,24,25,26,54,59,61" m="16457,47591" machi="61" ten="30,2000,0" yaku="8,1,54,1" doraHai="64" who="3" fromWho="3" sc="144,-10,240,-5,328,-5,288,20" /><INIT seed="5,0,0,4,3,21" ten="134,235,323,308" oya="1" hai0="20,54,79,45,41,49,1,98,47,25,110,95,15" hai1="14,101,29,114,73,105,92,88,102,91,64,82,35" hai2="37,22,39,23,57,78,31,60,107,3,0,59,61" hai3="118,10,93,80,11,18,130,17,58,16,131,66,127"/><U30/><E114/><V69/><F78/><W100/><G127/><T115/><D110/><U62/><E73/><V133/><F31/><W13/><G118/><T40/><D1/><U85/><E105/><V77/><F77/><W27/><G80/><T72/><D115/><U86/><E14/><V97/><F97/><N who="3" m="59439" /><G10/><T55/><D15/><U52/><E30/><V67/><F107/><W75/><G75/><T99/><D79/><U120/><E120/><V135/><F67/><W113/><G113/><T7/><D7/><U63/><E29/><V68/><AGARI ba="0,0" hai="0,3,22,23,37,39,57,59,60,61,68,69,133,135" machi="68" ten="25,3200,0" yaku="0,1,22,2" doraHai="21" who="2" fromWho="2" sc="134,-8,235,-16,323,32,308,-8" /><INIT seed="6,0,0,4,2,30" ten="126,219,355,300" oya="2" hai0="54,78,18,106,2,134,58,115,94,122,121,113,40" hai1="16,39,12,67,108,91,85,98,99,103,48,105,124" hai2="76,64,126,36,32,47,26,23,52,77,9,87,53" hai3="84,59,17,29,65,44,4,21,101,38,22,130,28"/><V0/><F126/><W74/><G74/><T57/><D2/><U109/><E39/><V104/><F104/><W15/><G130/><T68/><D106/><U31/><E99/><V120/><F120/><W90/><G101/><T89/><D78/><U20/><E124/><V81/><F32/><W95/><G4/><T41/><D94/><U50/><E67/><V49/><F36/><W10/><G44/><T27/><D27/><U107/><E107/><V80/><F64/><W92/><G92/><T13/><D13/><U55/><E31/><N who="3" m="11850" /><G38/><T100/><D89/><U79/><E79/><V131/><F131/><W56/><G56/><T51/><D18/><U24/><E24/><V123/><F123/><W83/><G83/><T3/><D3/><U42/><E42/><V43/><F9/><W93/><G93/><T8/><D8/><U25/><E25/><V33/><F33/><W117/><G117/><T110/><D100/><U75/><E75/><V37/><F37/><W129/><G129/><T7/><D122/><U118/><E118/><V69/><F69/><W119/><G119/><T128/><D68/><U60/><E109/><V88/><F0/><W6/><G6/><T11/><D110/><U46/><E108/><V135/><F135/><W34/><G34/><T62/><D134/><U125/><E125/><V96/><F96/><W66/><G66/><N who="0" m="39247" /><D128/><U35/><E35/><V97/><F97/><W127/><G127/><T5/><D121/><U132/><E132/><V72/><F77/><W61/><AGARI ba="0,0" hai="10,15,17,21,22,59,61,65,84,90,95" m="11850" machi="61" ten="30,1100,0" yaku="8,1" doraHai="30" who="3" fromWho="3" sc="126,-3,219,-3,355,-5,300,11" /><INIT seed="7,0,0,1,5,35" ten="123,216,350,311" oya="3" hai0="17,72,112,26,49,65,45,124,96,34,14,126,129" hai1="18,67,24,12,121,70,123,76,83,119,122,10,88" hai2="38,55,25,133,60,98,77,23,21,7,0,2,87" hai3="80,110,62,36,120,130,113,48,5,30,57,33,94"/><W29/><G120/><T32/><D72/><U97/><E119/><V1/><F38/><W19/><G36/><T102/><D129/><U15/><E67/><V53/><F133/><W63/><G130/><T11/><D65/><U82/><E70/><V127/><F7/><W107/><G107/><T101/><D101/><U100/><E24/><V61/><F127/><W9/><G113/><T81/><D112/><U85/><E15/><V90/><F77/><W134/><G134/><T93/><D124/><U6/><E18/><V40/><F40/><W56/><G33/><T86/><D126/><U125/><E125/><V43/><F43/><W132/><G132/><T116/><D116/><U66/><E66/><V99/><F87/><W13/><G48/><T47/><D47/><U44/><E44/><V114/><F114/><W3/><G80/><T59/><D59/><U89/><REACH who="1" step="1"/><E83/><REACH who="1" ten="123,206,350,311" step="2"/><V50/><F0/><W131/><G131/><T8/><D26/><U79/><E79/><V106/><F25/><W52/><G110/><T31/><D31/><U39/><E39/><V51/><F106/><AGARI ba="0,1" hai="6,10,12,76,82,85,88,89,97,100,106,121,122,123" machi="106" ten="40,2600,0" yaku="1,1,54,1,53,0" doraHai="35" doraHaiUra="22" who="1" fromWho="2" sc="123,0,206,36,350,-26,311,0" owari="123,-38.0,242,-16.0,324,43.0,311,11.0" /></mjloggm>