<mjloggm ver="2.3"><GO type="185" lobby="0"/><UN n0="%E3%83%8A%E3%83%91%E3%83%BC%E3%83%A0%E3%81%A7%E3%81%99" n1="%E6%9C%AC%E6%9D%91%E8%AB%92%28%E6%9C%AC%E5%90%8D%29" n2="%E2%98%86%E3%83%97%E3%83%A9%E3%83%81%E3%83%8A" n3="" dan="17,16,16,0" rate="2195.44,2169.82,2203.94,1500.00" sx="M,M,M,C"/><TAIKYOKU oya="0"/><INIT seed="0,0,0,0,0,55" ten="350,350,350,0" oya="0" hai0="79,128,121,63,66,75,78,0,70,3,87,59,48" hai1="72,101,2,103,36,50,108,74,117,97,106,96,132" hai2="116,77,83,1,33,40,92,53,35,51,127,41,104" hai3=""/><T45/><N who="0" m="31008" /><T131/><D75/><U46/><E2/><V52/><F1/><T32/><D32/><U94/><E117/><V44/><F104/><T130/><D70/><U37/><E108/><V134/><F116/><T110/><D110/><U62/><E132/><V125/><F134/><T98/><D98/><U73/><REACH who="1" step="1"/><E62/><REACH who="1" ten="350,340,350,0" step="2"/><V100/><F35/><T38/><D0/><U122/><N who="1" m="31264" /><U61/><E61/><V58/><F33/><T89/><D3/><U111/><E111/><V82/><F125/><T54/><REACH who="0" step="1"/><D38/><REACH who="0" ten="340,340,350,0" step="2"/><U123/><N who="1" m="31520" /><U93/><E93/><AGARI ba="0,2" hai="45,48,54,59,63,66,78,79,87,89,93,128,130,131" m="31008" machi="93" ten="40,12000,1" yaku="1,1,19,1,52,2,53,1" doraHai="55" doraHaiUra="119" who="0" fromWho="1" sc="340,140,340,-120,350,0,0,0" /><INIT seed="0,1,0,2,0,2" ten="480,220,350,0" oya="0" hai0="37,127,128,109,67,98,66,85,95,90,77,62,60" hai1="0,99,69,63,118,114,58,80,113,70,57,100,38" hai2="45,84,129,87,116,49,101,106,76,117,72,131,59" hai3=""/><T81/><D128/><N who="2" m="49226" /><F59/><T83/><D127/><U68/><E118/><N who="2" m="45675" /><F101/><T56/><D37/><U75/><E0/><V108/><F106/><T105/><D105/><U126/><E126/><V33/><F33/><T121/><N who="0" m="31008" /><T55/><D109/><U51/><E38/><V54/><F108/><T47/><D47/><U92/><E51/><V91/><F91/><T41/><D41/><U96/><E99/><V74/><F76/><T115/><D115/><N who="1" m="44043" /><E63/><V112/><F112/><T97/><D98/><U64/><E64/><V46/><F46/><T32/><D32/><U120/><N who="1" m="30752" /><U34/><E34/><V79/><F79/><AGARI ba="1,0" hai="57,58,68,69,70,75,79,80,92,96,100" m="30752,44043" machi="79" ten="40,2600,0" yaku="11,1,52,1" doraHai="2" who="1" fromWho="2" sc="480,0,220,28,350,-28,0,0" /><INIT seed="1,0,0,3,3,55" ten="480,248,322,0" oya="1" hai0="84,38,86,114,132,75,2,32,98,117,54,94,41" hai1="66,67,112,59,133,37,105,78,118,135,100,42,96" hai2="107,87,81,58,99,128,63,47,71,62,108,65,82" hai3=""/><U113/><E118/><V92/><F108/><T103/><D132/><N who="1" m="50763" /><E78/><V123/><N who="2" m="31520" /><V76/><F128/><T57/><D114/><N who="1" m="44139" /><E59/><V45/><F107/><T85/><D117/><U125/><E125/><V73/><F82/><T111/><D111/><U69/><E69/><V91/><REACH who="2" step="1"/><F73/><REACH who="2" ten="480,248,312,0" step="2"/><T90/><D75/><U3/><E3/><V120/><N who="2" m="30752" /><V131/><F131/><T126/><D126/><U53/><E53/><AGARI ba="0,1" hai="45,47,53,58,62,63,65,71,76,81,87,91,92,99" m="30752,31520" machi="53" ten="30,8000,1" yaku="1,1,7,1,52,3,53,0" doraHai="55" doraHaiUra="106" who="2" fromWho="1" sc="480,0,248,-80,312,90,0,0" /><INIT seed="2,0,0,4,0,75" ten="480,168,402,0" oya="2" hai0="85,60,82,90,74,87,52,57,91,70,123,133,2" hai1="114,118,78,80,56,134,0,63,61,69,83,112,111" hai2="65,77,102,119,86,107,105,39,109,73,104,40,66" hai3=""/><V1/><F1/><T128/><N who="0" m="31520" /><T106/><D133/><U121/><N who="1" m="31008" /><U42/><E0/><V76/><F119/><T62/><D128/><U95/><E134/><V34/><F34/><T135/><D135/><U103/><E118/><V55/><F73/><T126/><D126/><U108/><E69/><V88/><F109/><T68/><D74/><U132/><E132/><V120/><N who="2" m="30752" /><V49/><F102/><T92/><D106/><U113/><E42/><V130/><F130/><T117/><D117/><U79/><E103/><V84/><F39/><T32/><D32/><U36/><E36/><V97/><F97/><T48/><D2/><U38/><E38/><V96/><F96/><T51/><D70/><U94/><E112/><V72/><F40/><T98/><D98/><U37/><E37/><V93/><F72/><T45/><D68/><U41/><E41/><AGARI ba="0,0" hai="41,45,48,51,52,57,60,62,82,85,87,90,91,92" m="31520" machi="41" ten="30,7700,0" yaku="7,1,8,1,52,1,54,1" doraHai="75" who="0" fromWho="1" sc="480,77,168,-77,402,0,0,0" /><INIT seed="4,0,0,2,2,55" ten="557,91,402,0" oya="0" hai0="121,86,54,44,58,37,99,88,101,116,100,87,45" hai1="118,129,1,113,0,53,51,104,61,75,32,69,47" hai2="34,120,124,132,130,92,40,38,74,93,119,109,63" hai3=""/><T49/><N who="0" m="31008" /><T117/><D116/><U112/><E32/><V42/><N who="2" m="30752" /><V123/><N who="2" m="31520" /><V89/><F34/><T80/><D117/><U77/><E118/><V97/><F119/><T52/><D37/><U57/><E104/><V41/><F109/><T126/><D126/><U96/><E129/><V125/><F74/><T133/><D133/><U110/><E110/><V35/><F35/><T114/><D114/><N who="1" m="44139" /><E69/><V56/><F130/><T131/><D131/><U91/><E77/><V98/><F132/><T65/><D65/><U111/><E75/><V106/><F106/><T76/><D99/><U82/><E111/><V64/><F38/><T128/><D128/><U73/><E73/><V2/><F2/><T48/><D44/><U71/><E71/><V33/><F33/><T102/><D101/><U50/><E50/><V67/><F67/><T60/><D48/><U79/><E79/><V95/><F95/><AGARI ba="0,0" hai="45,49,52,54,58,60,76,80,86,87,88,95,100,102" m="31008" machi="95" ten="30,18000,2" yaku="7,1,8,1,52,2,54,2" doraHai="55" who="0" fromWho="2" sc="557,180,91,0,402,-180,0,0" /><INIT seed="4,1,0,4,4,89" ten="737,91,222,0" oya="0" hai0="0,115,97,2,92,36,33,74,102,59,113,49,87" hai1="108,53,125,130,44,109,54,93,58,117,76,40,116" hai2="98,114,128,69,80,3,99,77,118,34,66,82,106" hai3=""/><T72/><D33/><U50/><E130/><V60/><F34/><T88/><D36/><U47/><E125/><V104/><F3/><T85/><D0/><U71/><E71/><V91/><F114/><N who="0" m="43530" /><D2/><U65/><E76/><V90/><F128/><T101/><D49/><U103/><E65/><V35/><F35/><T124/><D59/><U86/><E117/><V120/><N who="2" m="30752" /><V43/><F118/><T1/><D124/><U131/><E116/><V83/><F77/><T57/><D57/><U63/><E131/><V132/><F132/><T37/><D37/><U41/><E53/><V84/><F43/><T129/><D129/><U46/><E46/><V127/><F127/><T61/><D61/><U112/><E112/><V62/><F62/><T111/><D111/><U42/><E42/><V55/><F55/><T32/><D32/><U39/><REACH who="1" step="1"/><E86/><REACH who="1" ten="737,81,222,0" step="2"/><N who="0" m="32777" /><D1/><U79/><E79/><V81/><F69/><T134/><D134/><U135/><E135/><V45/><F45/><T73/><AGARI ba="1,1" hai="72,73,74,88,92,97,101,102" m="32777,43530" machi="73" ten="40,8000,1" yaku="15,1,34,2,52,1,54,1" doraHai="89" who="0" fromWho="0" sc="737,92,81,-41,222,-41,0,0" /><INIT seed="4,2,0,1,0,128" ten="829,40,181,0" oya="0" hai0="73,1,58,127,36,52,115,33,91,80,109,134,135" hai1="120,35,119,74,63,124,41,81,70,129,87,39,104" hai2="99,46,64,133,97,50,79,37,2,108,118,40,89" hai3=""/><T96/><D115/><U125/><RYUUKYOKU type="yao9" ba="2,0" sc="829,0,40,0,181,0,0,0" hai1="35,39,41,63,70,74,81,87,104,119,120,124,125,129" /><INIT seed="4,3,0,0,0,129" ten="829,40,181,0" oya="0" hai0="128,34,126,71,122,96,41,133,135,125,33,81,73" hai1="0,114,92,47,99,38,134,123,49,111,104,68,108" hai2="109,2,87,48,63,50,113,116,54,91,72,52,46" hai3=""/><T70/><N who="0" m="31264" /><T66/><D128/><U44/><N who="1" m="31520" /><U105/><E0/><V80/><F2/><T74/><D96/><U103/><E114/><V83/><F113/><T119/><D41/><U75/><E68/><N who="0" m="26153" /><D66/><U112/><E112/><V86/><F109/><T93/><D93/><U35/><E35/><N who="0" m="13321" /><D119/><U45/><E108/><V89/><F116/><T121/><N who="0" m="31008" /><T69/><D69/><U98/><E111/><V65/><F72/><N who="0" m="27754" /><D81/><U57/><E75/><V76/><F65/><T124/><AGARI ba="3,0" hai="124,125,126,133,135" m="27754,31008,13321,26153,31264" machi="124" ten="50,16000,3" yaku="28,2,18,1,31,2,52,4" doraHai="129" who="0" fromWho="0" sc="829,166,40,-83,181,-83,0,0" owari="995,94.0,-43,-64.0,98,-30.0,0,0.0" /></mjloggm>