<mjloggm ver="2.3"><GO type="169" lobby="0"/><UN n0="%E4%BA%BA%E7%94%9F%E3%83%95%E3%83%AB%E3%82%BC%E3%83%B3%E3%83%84" n1="%63%6F%62%65%68%6F%70%65" n2="%E3%81%B5%E3%81%BF%4B%55%4E" n3="%73%61%6E%67%6F%64%64%6F" dan="17,16,16,16" rate="2199.60,2157.34,2098.20,2177.09" sx="M,M,M,M"/><TAIKYOKU oya="0"/><INIT seed="0,0,0,4,4,1" ten="250,250,250,250" oya="0" hai0="67,72,12,91,126,73,79,80,57,47,28,0,9" hai1="84,52,49,64,85,36,99,127,13,59,8,69,32" hai2="33,23,66,77,55,96,75,111,6,112,88,29,76" hai3="31,7,103,97,30,60,113,89,2,122,41,116,105"/><T78/><D0/><U24/><E127/><V93/><F112/><W15/><G116/><T121/><D121/><U102/><E36/><V51/><F66/><W61/><G113/><T125/><D28/><U46/><E69/><V35/><F111/><W94/><G2/><T22/><D22/><U135/><E135/><V62/><F62/><W110/><G110/><T65/><D47/><U50/><E32/><V98/><F98/><W108/><G108/><T134/><D91/><U10/><E24/><V16/><F75/><W101/><G41/><T34/><D34/><U56/><E56/><V123/><F123/><W5/><G122/><T71/><D71/><U18/><E10/><V21/><F33/><W58/><G61/><T40/><D40/><U27/><E27/><N who="2" m="16639" /><F6/><N who="3" m="2059" /><G15/><T90/><D90/><U124/><E124/><N who="0" m="47721" /><D57/><U38/><E38/><V44/><F35/><W87/><G105/><T70/><D70/><U20/><E20/><V117/><F117/><W107/><G107/><T37/><D37/><U17/><E17/><V133/><F133/><W63/><G63/><T128/><D134/><U114/><E114/><V68/><F68/><W115/><G115/><T118/><D118/><U26/><E26/><AGARI ba="0,0" hai="16,21,26,44,51,55,76,77,88,93,96" m="16639" machi="26" ten="30,3900,0" yaku="8,1,54,2" doraHai="1" who="2" fromWho="1" sc="250,0,250,-39,250,39,250,0" /><INIT seed="1,0,0,1,0,70" ten="250,211,289,250" oya="1" hai0="34,40,21,126,60,48,90,58,121,119,25,78,1" hai1="46,96,117,132,98,113,3,20,110,19,135,82,81" hai2="56,67,109,100,68,71,7,61,86,55,41,114,73" hai3="95,47,83,38,116,84,120,50,130,23,97,107,11"/><U77/><E113/><V29/><F73/><W5/><G120/><T75/><D119/><U65/><E117/><V122/><F122/><W64/><G130/><T28/><D1/><U93/><E3/><V80/><F114/><W12/><G107/><T87/><D121/><U24/><E65/><V88/><F109/><W31/><G116/><T69/><D126/><U14/><E110/><V62/><F100/><W43/><G64/><T102/><D102/><U53/><E81/><V129/><F129/><W8/><G8/><T108/><D108/><U6/><E6/><V10/><F29/><W39/><G31/><T63/><D75/><U103/><E98/><V85/><F41/><W18/><G95/><T72/><D72/><U13/><E82/><V26/><F26/><W22/><G97/><T2/><D2/><U128/><E77/><V106/><F106/><W37/><REACH who="3" step="1"/><G18/><REACH who="3" ten="250,211,289,240" step="2"/><T94/><D94/><U76/><E128/><V74/><F74/><W118/><G118/><T9/><D28/><U0/><E0/><V66/><F86/><W91/><AGARI ba="0,1" hai="5,11,12,22,23,37,38,39,43,47,50,83,84,91" machi="91" ten="30,8000,1" yaku="1,1,0,1,52,3,53,0" doraHai="70" doraHaiUra="123" who="3" fromWho="3" sc="250,-20,211,-40,289,-20,240,90" /><INIT seed="2,0,0,1,3,80" ten="230,171,269,330" oya="2" hai0="60,39,8,120,87,28,55,49,35,32,73,68,126" hai1="52,18,62,97,0,118,67,128,42,129,27,127,88" hai2="1,112,56,96,50,17,78,16,110,2,122,45,61" hai3="53,57,3,46,115,13,64,135,6,33,130,65,29"/><V86/><F112/><W114/><G3/><T9/><D73/><U82/><E118/><V21/><F122/><W117/><G33/><T30/><D39/><U95/><E0/><V63/><F17/><W113/><G117/><T31/><D120/><U7/><E7/><V81/><F110/><W109/><G29/><T105/><D105/><U133/><E42/><V93/><F1/><W47/><G6/><T70/><D126/><U40/><E40/><N who="2" m="24871" /><F2/><W102/><G102/><T124/><D124/><U5/><E5/><V131/><F56/><W25/><G25/><T10/><D87/><N who="1" m="50295" /><E127/><V38/><F38/><W123/><G13/><T90/><D90/><N who="1" m="55543" /><E67/><N who="3" m="25674" /><G123/><T12/><D12/><U24/><E133/><V43/><F131/><N who="1" m="50249" /><E18/><V44/><F43/><W22/><G130/><T104/><D104/><U19/><E19/><V34/><F34/><W89/><G135/><T79/><D35/><U54/><E54/><V23/><F44/><W41/><G47/><T92/><D32/><U48/><E62/><V94/><F23/><W101/><G22/><T91/><D60/><N who="2" m="23114" /><F96/><W103/><G46/><AGARI ba="0,0" hai="24,27,46,48,52" m="50249,55543,50295" machi="46" ten="30,7700,0" yaku="19,1,52,1,54,2" doraHai="80" who="1" fromWho="3" sc="230,0,171,77,269,0,330,-77" /><INIT seed="3,0,0,3,1,31" ten="230,248,269,253" oya="3" hai0="29,124,127,38,19,50,1,15,133,23,3,88,78" hai1="90,83,121,49,47,58,117,17,97,10,45,98,44" hai2="94,2,132,92,93,14,76,59,109,125,32,24,21" hai3="81,68,107,130,101,56,126,67,134,52,71,16,116"/><W131/><G116/><T72/><D38/><U8/><E121/><V77/><F2/><W114/><G114/><T105/><D105/><U54/><E117/><V86/><F109/><W11/><G126/><N who="0" m="48171" /><D133/><U60/><E10/><V7/><F132/><W62/><G134/><T80/><D29/><U85/><E60/><V0/><F125/><W91/><G107/><T35/><D35/><U108/><E108/><V48/><F0/><W87/><G101/><T57/><D88/><U95/><E83/><V33/><F7/><W36/><G36/><T20/><D23/><U26/><REACH who="1" step="1"/><E8/><REACH who="1" ten="230,238,269,253" step="2"/><V30/><F86/><W89/><G68/><T37/><D80/><U25/><E25/><V102/><F102/><W104/><G91/><T135/><D135/><U112/><E112/><V84/><F84/><W99/><G99/><T103/><D1/><U64/><E64/><V70/><F70/><W106/><G104/><T96/><D3/><U41/><E41/><V63/><F14/><N who="3" m="7263" /><G106/><T73/><D96/><U40/><E40/><V6/><F77/><W28/><G71/><T5/><D78/><U118/><E118/><V79/><F79/><W42/><G42/><T65/><D65/><U110/><E110/><V128/><F76/><W82/><G81/><T27/><D73/><U100/><E100/><V75/><F75/><W39/><G67/><T119/><D103/><U115/><E115/><V120/><F120/><W66/><G66/><T123/><D72/><U9/><E9/><V53/><F24/><W51/><G62/><T13/><D119/><U43/><E43/><V18/><F63/><RYUUKYOKU ba="0,1" sc="230,-10,238,30,269,-10,253,-10" hai1="17,26,44,45,47,49,54,58,85,90,95,97,98" /><INIT seed="4,1,1,2,4,35" ten="220,268,259,243" oya="0" hai0="29,120,45,4,40,107,31,42,105,79,12,44,20" hai1="52,61,122,34,13,114,73,57,64,113,66,103,76" hai2="106,55,28,25,129,58,121,6,22,82,7,67,27" hai3="96,99,91,115,43,17,126,100,46,93,94,72,90"/><T2/><D120/><U63/><E122/><V98/><F121/><W78/><G115/><N who="1" m="44042" /><E34/><V48/><F129/><W19/><G126/><T21/><D12/><U0/><E0/><V130/><F130/><W77/><G100/><T95/><D95/><U15/><E103/><V5/><F106/><W56/><G56/><T124/><D4/><U71/><E66/><V23/><F98/><W89/><G89/><T104/><D79/><U59/><E71/><V10/><F82/><AGARI ba="1,1" hai="13,15,52,57,59,61,63,64,73,76,82" m="44042" machi="82" ten="30,3900,0" yaku="15,1,11,1,54,1" doraHai="35" who="1" fromWho="2" sc="220,0,268,52,259,-42,243,0" /><INIT seed="5,0,0,3,3,126" ten="220,320,217,243" oya="1" hai0="42,71,10,22,97,75,55,59,48,57,15,99,72" hai1="0,50,29,67,44,113,66,31,64,90,117,89,92" hai2="88,104,52,70,25,94,112,37,45,60,33,78,35" hai3="81,85,129,76,46,77,95,79,100,13,69,62,56"/><U54/><E117/><V63/><F104/><W65/><G129/><T130/><D71/><U23/><E113/><V131/><F131/><W109/><G109/><T111/><D111/><U18/><E0/><V12/><F78/><W7/><G69/><T103/><D130/><U120/><E120/><V28/><F112/><W16/><G7/><T118/><D118/><U51/><E51/><V132/><F132/><W41/><G100/><T49/><D22/><U96/><REACH who="1" step="1"/><E89/><REACH who="1" ten="220,310,217,243" step="2"/><V105/><F37/><W102/><G102/><T11/><D103/><U106/><E106/><V134/><F105/><W121/><G121/><T6/><D49/><U43/><E43/><V98/><F134/><W1/><G1/><T93/><D42/><U119/><E119/><V32/><F63/><W86/><G41/><T122/><D48/><U40/><E40/><V19/><F70/><W101/><G46/><T108/><D122/><U17/><E17/><V5/><F45/><W110/><G110/><T83/><D108/><U14/><AGARI ba="0,1" hai="14,18,23,29,31,44,50,54,64,66,67,90,92,96" machi="14" ten="30,6000,0" yaku="1,1,0,1,8,1,53,0" doraHai="126" doraHaiUra="127" who="1" fromWho="1" sc="220,-20,310,70,217,-20,243,-20" /><INIT seed="5,1,0,4,3,93" ten="200,380,197,223" oya="1" hai0="81,38,24,26,30,86,12,133,17,95,64,53,94" hai1="14,27,106,129,29,9,49,56,40,75,61,108,116" hai2="115,16,87,46,8,34,62,89,51,98,111,119,120" hai3="131,4,21,130,124,28,102,0,127,104,128,121,44"/><U74/><E116/><V59/><F34/><W114/><G44/><T58/><D38/><U6/><E106/><V73/><F73/><W109/><G109/><T85/><D64/><U91/><E129/><V48/><F111/><W36/><G36/><T125/><D125/><N who="3" m="48201" /><G104/><T31/><D133/><U79/><E108/><V50/><F119/><W43/><G102/><T60/><D26/><U70/><E70/><V41/><F120/><W7/><G43/><T66/><D66/><U97/><E79/><V2/><F115/><W134/><G121/><T47/><D47/><U45/><E91/><V122/><F122/><W52/><G114/><T3/><D3/><U32/><E97/><V13/><F2/><W11/><G52/><AGARI ba="1,0" hai="6,9,14,27,29,32,40,45,49,52,56,61,74,75" machi="52" ten="30,2900,0" yaku="7,1,54,1" doraHai="93" who="1" fromWho="3" sc="200,0,380,32,197,0,223,-32" /><INIT seed="5,2,0,1,3,44" ten="200,412,197,191" oya="1" hai0="87,36,48,111,50,11,117,40,79,42,60,109,9" hai1="125,132,75,95,78,85,38,107,68,39,24,41,54" hai2="97,20,0,65,106,112,81,134,108,7,4,121,120" hai3="5,74,70,63,27,92,12,83,89,1,124,102,47"/><U129/><E107/><V22/><F108/><W61/><G1/><T3/><D117/><U57/><E68/><V113/><F65/><W30/><G124/><T94/><D36/><U16/><E125/><V18/><F81/><W51/><G102/><T123/><D123/><N who="2" m="47178" /><F97/><W80/><G70/><T13/><D3/><U53/><E75/><V52/><F106/><W26/><G74/><T90/><D111/><U32/><E78/><V56/><F0/><W58/><G80/><N who="0" m="47519" /><D60/><U122/><E39/><V2/><F2/><W98/><G83/><T17/><D9/><U64/><E64/><V69/><F69/><W76/><G76/><T33/><D33/><U67/><E32/><V6/><F18/><W96/><G96/><N who="0" m="57431" /><D109/><U77/><E67/><V29/><F134/><W126/><G63/><T19/><D17/><U114/><E16/><V14/><F14/><W72/><G72/><T55/><D55/><U99/><E54/><V37/><F37/><W66/><G126/><T62/><D62/><U82/><E53/><V116/><F29/><W118/><G118/><T59/><D59/><U93/><E57/><V130/><F116/><W86/><G30/><T91/><D91/><U25/><E38/><V105/><F105/><W131/><G5/><T28/><D28/><U110/><E110/><V73/><F6/><W119/><G119/><T34/><D34/><U35/><E35/><V45/><F7/><W128/><G12/><T115/><D115/><U71/><E114/><N who="2" m="44139" /><F56/><W133/><G133/><T23/><D11/><U46/><E71/><V10/><F10/><W31/><G58/><RYUUKYOKU ba="2,0" sc="200,30,412,-10,197,-10,191,-10" hai0="13,19,23,40,42,48,50" /><INIT seed="6,3,0,0,2,41" ten="230,402,187,181" oya="2" hai0="125,47,38,65,90,112,17,63,78,87,69,18,128" hai1="107,77,12,62,7,10,61,72,40,133,66,21,52" hai2="49,124,113,97,54,108,1,20,29,106,76,48,26" hai3="64,123,25,6,57,127,114,15,27,121,8,34,110"/><V83/><F108/><W79/><G79/><T95/><D112/><U93/><E107/><V53/><F113/><W115/><G110/><T117/><D128/><U92/><E133/><V118/><F118/><W88/><G64/><T105/><D105/><U33/><E33/><V43/><F1/><W19/><G57/><T86/><D125/><U23/><E40/><V74/><F124/><W82/><G82/><T11/><D117/><U70/><E77/><V84/><F74/><W129/><G88/><T131/><D131/><U30/><E72/><V119/><F119/><W46/><G46/><T134/><D134/><U109/><E109/><V132/><F132/><W42/><G42/><T122/><D122/><N who="3" m="46601" /><G129/><T68/><D68/><U9/><E30/><V22/><F22/><N who="1" m="8201" /><E70/><V96/><F106/><W73/><G73/><T89/><D78/><U71/><E10/><V37/><F37/><W85/><G127/><T120/><D120/><U45/><E71/><V55/><F43/><W116/><G116/><T39/><D39/><U67/><E67/><V80/><F80/><W81/><G27/><T91/><D38/><U5/><E66/><V4/><F4/><W60/><G6/><T35/><D65/><U24/><E24/><V31/><F31/><N who="3" m="19823" /><G60/><N who="1" m="23146" /><E7/><V56/><F53/><W3/><G3/><T0/><D0/><U102/><E102/><V16/><F29/><W111/><G111/><T58/><D69/><U94/><E52/><V14/><F26/><W36/><G36/><T13/><D13/><U99/><E99/><V32/><F32/><W126/><G126/><T2/><D35/><RYUUKYOKU ba="3,0" sc="230,-30,402,10,187,10,181,10" hai1="5,9,12,45,92,93,94" hai2="14,16,20,48,49,54,55,56,76,83,84,96,97" hai3="8,15,19,81,85,114,115" /><INIT seed="6,4,0,2,2,2" ten="200,412,197,191" oya="2" hai0="4,72,31,27,37,127,68,130,119,69,12,93,11" hai1="112,48,47,53,3,96,125,35,42,38,54,111,63" hai2="103,36,113,98,39,19,51,26,81,132,55,32,18" hai3="115,100,107,29,14,131,25,110,17,121,41,74,99"/><V109/><F113/><W88/><G121/><T123/><D123/><U33/><E125/><V59/><F132/><W90/><G110/><T86/><D72/><U79/><E111/><V108/><F108/><W8/><G74/><T1/><D37/><U94/><E112/><V124/><F124/><W134/><G115/><T49/><D127/><U73/><E3/><V64/><F109/><W120/><G120/><T52/><D130/><U6/><E6/><V91/><F64/><W122/><G122/><T5/><D119/><U101/><E79/><V133/><F133/><W106/><G106/><T84/><D1/><U46/><E73/><V65/><F65/><W71/><G71/><T34/><D4/><U104/><E104/><V44/><F32/><W22/><G134/><T28/><D28/><U80/><E80/><V40/><F26/><W16/><G131/><T7/><D7/><U76/><E76/><V114/><F39/><W95/><G41/><T97/><D69/><U45/><E63/><V118/><F118/><W75/><G75/><T62/><D62/><U102/><E102/><V78/><F114/><W61/><G61/><T9/><D9/><U30/><E30/><V82/><F78/><W60/><G60/><T117/><D68/><U0/><E0/><V23/><F91/><N who="3" m="34859" /><G107/><T58/><D117/><U89/><E89/><AGARI ba="4,0" hai="5,11,12,27,31,34,49,52,58,84,86,89,93,97" machi="89" ten="30,3900,0" yaku="7,1,52,1,54,1" doraHai="2" who="0" fromWho="1" sc="200,51,412,-51,197,0,191,0" /><INIT seed="7,0,0,5,1,95" ten="251,361,197,191" oya="3" hai0="87,63,113,134,22,127,61,12,41,21,60,40,109" hai1="115,132,131,79,78,46,97,5,34,17,80,83,59" hai2="16,135,31,106,96,125,11,84,19,65,9,6,27" hai3="7,57,3,53,35,64,120,90,128,104,15,118,68"/><W29/><G120/><T33/><D33/><U77/><E34/><V99/><F106/><W69/><G118/><T108/><D134/><U110/><E132/><V100/><F135/><W93/><G3/><T119/><D119/><U124/><E110/><V0/><F100/><W28/><G104/><T86/><D127/><U24/><E124/><V10/><F125/><W107/><G107/><T42/><D113/><U50/><E115/><V4/><F65/><W102/><G102/><T26/><D12/><U62/><E5/><N who="2" m="2155" /><F84/><N who="0" m="32298" /><D26/><U44/><E97/><N who="2" m="37451" /><F0/><W123/><G123/><T133/><D133/><U130/><E80/><V72/><F72/><W36/><G36/><T66/><D66/><U89/><E83/><V70/><F70/><W71/><G128/><T56/><D56/><U85/><E59/><V98/><N who="2" m="37459" /><V76/><DORA hai="43" /><F76/><W51/><G64/><T2/><D2/><U30/><E79/><V91/><F91/><W101/><G101/><T52/><D109/><U114/><E89/><V111/><F111/><W103/><G103/><T105/><D105/><U55/><E78/><V20/><AGARI ba="0,0" hai="9,10,11,16,19,20,27,31" m="37459,2155" machi="20" ten="40,12000,2" yaku="8,1,52,4,54,1" doraHai="95,43" who="2" fromWho="2" sc="251,-30,361,-30,197,120,191,-60" owari="221,-18.0,331,43.0,317,12.0,131,-37.0" /></mjloggm>