<mjloggm ver="2.3"><GO type="169" lobby="0"/><UN n0="%E5%92%8C%E6%B3%89%E7%B4%97%E9%9C%A7" n1="%4E%4F%54%41" n2="%E3%82%BB%E3%83%96%E3%83%AB%E3%82%B9" n3="%E3%81%8B%E3%82%8A%E6%A2%85" dan="18,17,16,16" rate="2239.36,2129.80,2124.33,2112.20" sx="F,M,F,M"/><TAIKYOKU oya="0"/><INIT seed="0,0,0,2,3,69" ten="250,250,250,250" oya="0" hai0="116,19,1,135,59,103,130,96,43,4,91,35,118" hai1="57,11,28,37,18,113,132,93,99,100,27,55,80" hai2="53,60,97,8,67,29,94,120,21,73,10,106,133" hai3="123,66,95,111,31,65,20,63,23,74,134,131,83"/><T125/><D35/><U62/><E132/><V114/><F120/><W13/><G134/><T72/><D135/><U34/><E113/><V85/><F73/><W46/><G123/><T92/><D72/><U12/><REACH who="1" step="1"/><E80/><REACH who="1" ten="250,240,250,250" step="2"/><V78/><F114/><W2/><G83/><T32/><D118/><U47/><E47/><V104/><F133/><W86/><G46/><T105/><D116/><U70/><E70/><V108/><F108/><W82/><G82/><T44/><D59/><U84/><E84/><V41/><F85/><W24/><G86/><T121/><D121/><U26/><E26/><V15/><F78/><W7/><G24/><T112/><D112/><U49/><E49/><V42/><F106/><W61/><G74/><T56/><D56/><U16/><E16/><N who="2" m="10399" /><F104/><W51/><G51/><T89/><D105/><U101/><E101/><N who="2" m="60599" /><F29/><W36/><G31/><T98/><D103/><U33/><E33/><V68/><F68/><W45/><G45/><T54/><D32/><U3/><E3/><V107/><F107/><W39/><G2/><T38/><D1/><U48/><E48/><V117/><F117/><W0/><G0/><T110/><D44/><U5/><E5/><V76/><F76/><W14/><G111/><T77/><D77/><U17/><E17/><V30/><F30/><W119/><G119/><T129/><D110/><U52/><E52/><V81/><F81/><W75/><G75/><T71/><D71/><U64/><E64/><V58/><F67/><W122/><G122/><T90/><D54/><U115/><E115/><V124/><F124/><W102/><G65/><RYUUKYOKU ba="0,1" sc="250,-15,240,15,250,15,250,-15" hai1="11,12,18,27,28,34,37,55,57,62,93,99,100" hai2="8,10,41,42,53,58,60" /><INIT seed="1,1,1,1,5,43" ten="235,255,265,235" oya="1" hai0="32,5,18,62,3,9,123,98,8,57,16,105,21" hai1="114,103,91,46,42,133,49,119,131,48,56,20,96" hai2="130,50,87,134,83,80,69,88,12,33,135,107,67" hai3="101,40,116,113,54,122,112,99,26,58,66,128,86"/><U106/><E114/><V44/><F107/><W52/><G122/><T121/><D32/><U81/><E119/><V126/><F33/><W27/><G116/><T63/><D63/><U45/><E131/><V117/><F117/><W61/><G128/><T104/><D9/><U28/><E133/><N who="2" m="50699" /><F126/><W53/><G40/><T24/><D18/><U70/><E70/><V111/><F111/><W95/><G112/><T10/><D10/><U55/><E28/><V84/><F12/><W6/><G113/><T19/><D19/><U115/><E115/><V102/><F102/><W79/><G6/><T4/><D4/><U82/><E20/><V29/><F29/><W89/><REACH who="3" step="1"/><G79/><REACH who="3" ten="235,255,265,225" step="2"/><T2/><D2/><U78/><E78/><N who="2" m="46103" /><F130/><W31/><G31/><T35/><D35/><U97/><REACH who="1" step="1"/><E56/><REACH who="1" ten="235,245,265,225" step="2"/><V93/><F69/><W76/><G76/><T94/><D123/><U36/><E36/><V68/><F68/><W51/><G51/><T13/><D121/><U23/><E23/><V73/><F50/><W74/><G74/><T129/><D129/><U30/><E30/><V60/><F73/><W132/><G132/><T39/><D39/><U108/><E108/><V92/><F60/><W118/><G118/><T124/><D124/><U17/><E17/><V77/><F77/><W47/><G47/><T109/><D109/><U25/><E25/><V100/><F44/><W37/><G37/><T15/><D24/><U34/><E34/><V110/><F110/><W90/><G90/><N who="0" m="55639" /><D3/><U85/><E85/><V72/><F72/><W14/><G14/><T11/><D21/><U127/><E127/><RYUUKYOKU ba="1,3" sc="235,10,245,10,265,-30,225,10" hai0="5,8,11,13,15,16,57,62,104,105" hai1="42,45,46,48,49,55,81,82,91,96,97,103,106" hai3="26,27,52,53,54,58,61,66,86,89,95,99,101" /><INIT seed="1,2,3,2,1,3" ten="245,255,235,235" oya="1" hai0="26,35,85,49,125,34,71,73,106,46,123,67,97" hai1="108,64,120,77,88,128,135,79,29,81,4,24,61" hai2="37,63,66,129,72,48,105,38,116,93,14,99,28" hai3="133,1,121,76,118,110,9,50,96,119,44,11,30"/><U122/><E128/><V31/><F116/><N who="3" m="44587" /><G121/><T89/><D73/><U20/><E135/><V18/><F72/><W2/><G133/><T131/><D123/><U130/><E130/><V25/><F105/><W127/><G127/><T126/><D131/><U74/><E108/><V60/><F129/><W132/><G132/><T115/><D115/><U45/><E77/><V70/><F48/><W58/><G110/><T86/><D71/><U114/><E114/><V98/><F63/><W17/><G30/><T42/><D67/><U102/><E102/><V6/><F31/><W7/><G76/><T94/><D106/><U65/><E65/><V36/><F6/><N who="3" m="1231" /><G96/><T92/><D86/><U41/><E4/><V33/><REACH who="2" step="1"/><F93/><REACH who="2" ten="245,255,225,235" step="2"/><W91/><G17/><T112/><D112/><U56/><REACH who="1" step="1"/><E88/><REACH who="1" ten="245,245,225,235" step="2"/><V78/><F78/><W101/><G91/><T39/><D89/><U54/><E54/><V84/><F84/><W10/><G101/><T107/><D85/><U87/><E87/><V12/><F12/><W68/><G7/><T103/><D103/><U15/><E15/><V21/><AGARI ba="2,5" hai="14,18,21,25,28,33,36,37,38,60,66,70,98,99" machi="21" ten="30,2000,0" yaku="1,1,0,1,53,0" doraHai="3" doraHaiUra="55" who="2" fromWho="2" sc="245,-7,245,-12,225,76,235,-7" /><INIT seed="2,0,0,0,1,99" ten="238,233,301,228" oya="2" hai0="80,47,104,112,67,134,1,129,96,22,39,10,79" hai1="97,86,43,30,92,15,127,24,109,130,110,73,117" hai2="91,69,5,113,121,55,133,12,90,11,118,89,16" hai3="77,98,88,64,123,21,132,40,124,13,95,100,14"/><V78/><F118/><W52/><G123/><T9/><D112/><U20/><E117/><V53/><F113/><W7/><G124/><T74/><D129/><U115/><E115/><V51/><F121/><W75/><G132/><T120/><D120/><U62/><E73/><V81/><F133/><W4/><G40/><T68/><D134/><U32/><E130/><V107/><F69/><W27/><G64/><T72/><D72/><U131/><E131/><V6/><F107/><W82/><G7/><T36/><D68/><U114/><E114/><V125/><F125/><W71/><G71/><T70/><D70/><U3/><E3/><V45/><REACH who="2" step="1"/><F55/><REACH who="2" ten="238,233,291,228" step="2"/><W61/><G4/><T19/><D67/><U65/><E127/><V50/><F50/><W102/><G52/><T41/><D39/><U29/><E65/><V56/><F56/><W101/><REACH who="3" step="1"/><G61/><REACH who="3" ten="238,233,291,218" step="2"/><T93/><D47/><U23/><E62/><V28/><F28/><AGARI ba="0,2" hai="13,14,21,27,28,75,77,82,88,95,98,100,101,102" machi="28" ten="40,12000,2" yaku="1,1,2,1,52,3,54,1,53,0" doraHai="99" doraHaiUra="135" who="3" fromWho="2" sc="238,0,233,0,291,-120,218,140" /><INIT seed="3,0,0,5,1,31" ten="238,233,171,358" oya="3" hai0="123,127,128,121,119,124,81,38,33,82,52,53,16" hai1="70,131,7,15,42,19,9,90,64,45,79,30,112" hai2="28,60,35,122,95,62,49,11,24,12,126,97,130" hai3="85,108,96,63,106,99,98,105,44,59,68,91,10"/><W20/><G68/><T115/><D38/><U41/><E112/><V34/><F130/><W113/><G113/><T43/><D115/><U89/><E131/><V100/><F126/><N who="0" m="48170" /><D43/><U47/><E79/><V87/><F122/><N who="0" m="46602" /><D128/><U17/><E64/><V92/><F35/><W14/><G108/><T6/><D6/><U54/><E70/><V61/><F49/><W32/><G44/><T129/><D129/><U133/><E133/><V26/><F26/><W18/><G32/><T84/><D33/><U109/><E109/><V101/><F87/><W76/><G10/><T46/><D46/><U56/><E30/><V21/><F34/><W4/><G4/><T69/><D69/><U65/><E65/><V73/><F73/><W50/><G50/><T88/><D119/><U80/><E45/><V40/><F40/><W132/><G132/><T117/><D117/><U102/><E41/><V93/><REACH who="2" step="1"/><F101/><REACH who="2" ten="238,233,161,358" step="2"/><W104/><G85/><T77/><D82/><U103/><E80/><V2/><F2/><W116/><G116/><T0/><D0/><U75/><E42/><V58/><F58/><W29/><G59/><T83/><D83/><U135/><E135/><V111/><F111/><W120/><G120/><T110/><D110/><U134/><E134/><V36/><F36/><W3/><G3/><T86/><D86/><U22/><E56/><V8/><F8/><W78/><G20/><T55/><D77/><U67/><E22/><V25/><F25/><W23/><G23/><T48/><D48/><U39/><E39/><V13/><F13/><W94/><G14/><T1/><D1/><RYUUKYOKU ba="0,1" sc="238,15,233,-15,161,15,358,-15" hai0="16,52,53,55,81,84,88" hai2="11,12,21,24,28,60,61,62,92,93,95,97,100" /><INIT seed="4,1,1,4,4,128" ten="253,218,176,343" oya="0" hai0="46,12,118,91,22,70,15,81,27,114,65,63,40" hai1="45,58,112,26,51,39,5,33,54,31,125,69,37" hai2="18,115,123,85,61,7,1,53,96,71,131,72,101" hai3="23,28,56,120,89,44,79,94,97,76,64,17,57"/><T25/><D118/><U55/><E125/><V43/><F72/><W93/><G120/><T3/><D3/><U74/><E74/><V29/><F123/><W86/><G28/><T77/><D91/><U4/><E69/><V2/><F131/><W9/><G9/><T87/><D114/><U104/><E104/><V59/><F115/><W117/><G117/><T68/><D68/><U42/><E112/><V0/><F29/><W66/><G44/><T100/><D100/><U34/><E34/><V99/><F43/><W16/><G17/><T105/><D105/><U130/><E130/><V14/><F7/><W11/><G11/><T102/><D102/><U75/><E75/><V38/><F38/><W35/><G35/><T132/><D132/><U116/><E116/><V21/><F85/><W60/><G76/><T80/><D80/><U10/><E54/><V73/><F73/><W20/><G20/><T119/><D119/><U109/><E109/><V41/><F41/><W52/><G57/><T122/><D122/><U107/><E107/><V32/><F32/><W135/><G135/><T98/><D98/><U126/><E126/><V133/><F133/><W48/><G48/><T92/><D92/><U113/><E113/><V88/><F101/><N who="3" m="60591" /><G79/><T111/><D111/><U82/><E82/><V103/><F71/><W24/><AGARI ba="1,1" hai="16,23,24,52,56,60,64,66,86,89,94" m="60591" machi="24" ten="30,4000,0" yaku="8,1,54,2" doraHai="128" who="3" fromWho="3" sc="253,-21,218,-11,176,-11,343,53" /><INIT seed="5,0,0,4,0,69" ten="232,207,165,396" oya="1" hai0="9,62,83,112,102,52,113,87,61,74,38,72,10" hai1="49,82,34,1,39,108,55,68,64,134,131,88,115" hai2="110,109,17,20,30,77,81,56,73,50,60,67,105" hai3="79,119,11,53,91,26,37,5,121,98,23,75,13"/><U94/><E1/><V46/><F105/><W106/><G121/><T127/><D102/><U32/><E115/><V99/><F99/><W3/><G37/><T122/><D127/><U111/><E134/><V7/><F7/><W58/><G119/><T114/><D122/><U48/><E131/><V70/><F30/><W80/><G3/><T84/><D38/><U93/><E39/><V45/><F70/><W41/><G41/><T107/><D107/><U129/><E129/><V51/><F51/><W22/><G91/><T104/><D104/><U66/><E68/><V97/><F97/><W78/><G78/><T6/><D6/><U120/><E120/><V126/><F126/><W135/><G135/><T57/><D62/><U92/><E82/><V24/><REACH who="2" step="1"/><F46/><REACH who="2" ten="232,207,155,396" step="2"/><W35/><G98/><T15/><D114/><U116/><E116/><V85/><F85/><W71/><G71/><T14/><D112/><U103/><E103/><V123/><F123/><W40/><G75/><T2/><D74/><U16/><E49/><V96/><F96/><W100/><G5/><T31/><D72/><U86/><E86/><V76/><F76/><W59/><G79/><T132/><D87/><U128/><E128/><V29/><F29/><W125/><G100/><T21/><D31/><U65/><E88/><V12/><F12/><W43/><G13/><T33/><D14/><U130/><E130/><V117/><F117/><W101/><G101/><T47/><D15/><U118/><E118/><V63/><F63/><W89/><G106/><T90/><D113/><U42/><E48/><V54/><AGARI ba="0,1" hai="17,20,24,45,50,54,56,60,67,73,77,81,109,110" machi="54" ten="20,5200,0" yaku="1,1,5,1,0,1,7,1,53,0" doraHai="69" doraHaiUra="133" who="2" fromWho="2" sc="232,-13,207,-26,155,62,396,-13" /><INIT seed="6,0,0,1,5,32" ten="219,181,217,383" oya="2" hai0="89,88,131,78,45,0,29,120,10,127,109,23,65" hai1="52,130,54,30,15,11,105,5,12,112,95,47,69" hai2="87,51,80,75,116,107,111,63,132,84,86,124,40" hai3="33,114,43,8,36,92,71,125,133,21,27,64,106"/><V115/><F116/><W19/><G106/><T38/><D109/><U122/><E105/><V103/><F111/><W66/><G71/><T60/><D120/><U121/><E130/><V59/><F115/><W97/><G114/><T128/><D78/><U53/><E112/><V85/><F124/><W57/><G33/><T72/><D72/><U42/><E69/><V35/><F35/><W94/><G94/><T24/><D127/><U25/><E95/><V31/><F31/><W14/><G125/><T4/><D45/><U110/><E110/><V41/><F75/><W44/><G57/><T55/><D55/><U135/><E135/><V83/><F132/><W82/><G82/><T1/><D1/><U96/><E96/><V119/><F119/><W99/><G99/><T93/><D38/><U74/><E74/><V7/><F7/><W39/><G39/><T70/><REACH who="0" step="1"/><D93/><REACH who="0" ten="209,181,217,383" step="2"/><U98/><E98/><V16/><F83/><W117/><G117/><T58/><D58/><U18/><E47/><V129/><F80/><W50/><G36/><T134/><D134/><U13/><E42/><V102/><F41/><W90/><G133/><T79/><D79/><U126/><E126/><V22/><F107/><W9/><G9/><T123/><D123/><N who="1" m="47115" /><E5/><AGARI ba="0,1" hai="5,8,14,19,21,27,43,44,50,64,66,90,92,97" machi="5" ten="30,2000,0" yaku="7,1,8,1" doraHai="32" who="3" fromWho="1" sc="209,0,181,-20,217,0,383,30" /><INIT seed="7,0,0,1,2,24" ten="209,161,217,413" oya="3" hai0="112,132,37,108,4,129,40,77,85,12,65,58,11" hai1="18,106,119,98,116,88,104,126,130,71,20,113,78" hai2="90,92,82,87,19,134,66,103,54,5,51,105,100" hai3="94,133,6,1,89,67,44,27,111,125,68,42,69"/><W8/><G67/><T109/><D37/><U91/><E71/><V50/><F105/><N who="1" m="40553" /><E20/><V110/><F110/><W46/><G111/><T30/><D40/><U124/><E18/><V75/><F66/><W47/><G42/><T28/><D109/><U62/><E62/><V81/><F5/><W29/><G125/><N who="1" m="48234" /><E113/><V64/><F64/><W45/><G133/><T14/><D132/><U13/><E13/><V49/><F134/><W114/><G114/><T102/><D112/><U97/><E130/><V52/><F19/><W73/><G47/><T95/><D108/><U83/><E97/><V7/><F7/><W117/><G73/><T118/><D129/><U86/><E98/><V25/><F54/><W76/><G69/><T60/><D14/><U21/><E21/><V120/><F52/><W74/><G68/><T0/><D0/><U26/><E26/><V17/><F25/><W84/><G46/><T101/><D12/><U23/><E23/><V36/><F17/><W135/><G45/><T59/><D59/><U32/><E32/><V48/><F48/><W79/><G44/><T34/><D34/><U115/><E115/><V127/><F51/><W128/><G1/><T61/><D61/><U35/><E35/><V131/><F50/><W72/><G6/><T96/><D4/><U22/><E22/><V80/><F49/><W122/><G27/><T3/><D3/><U31/><E31/><V41/><F131/><W93/><G29/><T99/><D30/><U53/><E53/><V56/><F127/><W123/><G128/><T16/><D28/><U39/><E39/><RYUUKYOKU ba="0,0" sc="209,-10,161,30,217,-10,413,-10" hai1="78,83,86,88,91,116,119" owari="199,-20.0,191,-31.0,207,1.0,403,50.0" /></mjloggm>