<mjloggm ver="2.3"><GO type="225" lobby="0"/><UN n0="%E3%83%8A%E3%82%A4%E3%83%88%33" n1="%E5%A9%9A%E6%B4%BB%E7%94%9F%40%E5%B7%9D%E6%9D%91%E8%BB%8D%E5%9B%A3" n2="%E3%81%BD%E3%83%BC%E3%82%93%64%65%E3%83%AA%E3%83%B3%E3%82%B0" n3="%E5%A4%A7%E5%AE%AE%E5%BF%8D%76" dan="16,17,16,17" rate="2023.81,2223.06,2190.76,2122.28" sx="M,M,M,M"/><TAIKYOKU oya="0"/><INIT seed="0,0,0,1,4,0" ten="250,250,250,250" oya="0" hai0="29,71,64,59,53,129,44,61,69,73,113,24,67" hai1="101,31,9,28,133,49,12,72,16,66,25,48,70" hai2="118,52,11,41,91,43,98,78,37,134,116,86,77" hai3="89,111,95,109,21,115,58,121,124,15,123,14,3"/><T20/><D113/><U93/><E72/><V39/><F98/><W96/><G115/><T108/><D129/><U38/><E38/><N who="2" m="14347" /><F11/><W45/><G124/><T87/><D108/><N who="3" m="41545" /><G45/><T76/><D73/><U19/><E133/><V68/><F68/><W130/><G130/><T100/><D100/><U90/><E101/><V56/><F134/><W104/><G104/><T114/><D114/><U54/><E66/><V126/><F126/><W135/><G135/><T99/><D99/><N who="1" m="57783" /><E70/><V107/><F107/><W88/><G3/><T117/><D117/><N who="2" m="45162" /><F91/><W127/><G127/><T120/><D120/><N who="3" m="46153" /><G89/><T125/><D125/><U97/><E97/><V50/><F86/><W13/><G58/><T74/><D87/><U5/><E48/><V131/><F131/><W83/><G83/><T82/><REACH who="0" step="1"/><D67/><REACH who="0" ten="240,250,250,250" step="2"/><U92/><E92/><V17/><F17/><AGARI ba="0,1" hai="13,14,15,17,21,88,95,96" m="46153,41545" machi="17" ten="30,3900,0" yaku="14,1,13,1,54,1" doraHai="0" who="3" fromWho="2" sc="240,0,250,0,250,-39,250,49" /><INIT seed="1,0,0,1,3,17" ten="240,250,211,299" oya="1" hai0="99,43,84,89,48,61,13,69,12,62,118,115,96" hai1="4,83,32,31,39,120,98,42,132,124,49,87,7" hai2="36,74,106,6,16,100,11,10,101,129,14,51,52" hai3="0,128,38,25,15,82,2,125,8,27,40,92,135"/><U18/><E120/><V37/><F74/><W97/><G125/><T131/><D115/><U60/><E39/><V65/><F65/><W114/><G114/><T79/><D79/><U133/><E124/><V24/><F129/><W70/><G70/><T117/><D131/><U30/><E98/><V46/><F106/><W77/><G128/><T130/><D130/><U102/><E102/><V59/><F24/><W34/><G135/><N who="1" m="51786" /><E60/><V105/><F105/><W63/><G63/><T94/><D62/><U23/><E49/><V109/><F109/><W68/><G68/><T64/><D118/><U21/><E42/><V123/><F123/><W111/><G111/><T41/><D117/><U78/><E32/><V126/><F126/><W71/><G71/><T103/><D96/><U75/><E75/><V50/><F37/><W72/><G40/><T1/><D48/><U29/><E18/><V121/><F121/><W22/><G38/><T3/><D43/><U54/><E54/><N who="2" m="32223" /><F36/><W33/><G33/><T57/><D41/><U104/><E104/><V73/><F73/><W116/><G34/><T95/><D69/><U88/><E78/><V119/><F119/><W47/><G116/><T127/><REACH who="0" step="1"/><D127/><REACH who="0" ten="230,250,211,299" step="2"/><U93/><E83/><V81/><F81/><W35/><G82/><T19/><D19/><U9/><E7/><V26/><F26/><W91/><G77/><T76/><D76/><U86/><E86/><V122/><F122/><W112/><G112/><T67/><D67/><U90/><E90/><V56/><F46/><W44/><G47/><T110/><D110/><U134/><E134/><RYUUKYOKU ba="0,1" sc="230,10,250,10,211,10,299,-30" hai0="1,3,12,13,57,61,64,84,89,94,95,99,103" hai1="4,9,21,23,29,30,31,87,88,93" hai2="6,10,11,14,16,50,52,56,100,101" /><INIT seed="1,1,1,5,1,3" ten="240,260,221,269" oya="1" hai0="110,31,62,0,83,106,103,22,19,107,35,102,118" hai1="46,29,80,97,5,117,86,105,2,9,6,92,39" hai2="126,37,45,127,28,60,4,33,77,65,61,131,13" hai3="7,30,66,25,104,101,43,15,93,16,48,57,59"/><U58/><E117/><V112/><F112/><W75/><G75/><T121/><D118/><U20/><E105/><V51/><F37/><W14/><G104/><T100/><D110/><U79/><E39/><V32/><F77/><W114/><G114/><T90/><D0/><U21/><E29/><V69/><F131/><W1/><G1/><T124/><D124/><N who="2" m="47658" /><F28/><W67/><G57/><T26/><D121/><U27/><E27/><V55/><F61/><W56/><G56/><T76/><D90/><U91/><E46/><V108/><F108/><W23/><G93/><T36/><D62/><U81/><E5/><V42/><F42/><W120/><G101/><T113/><D36/><U94/><E94/><V38/><F38/><W135/><G135/><T89/><D89/><U10/><E10/><AGARI ba="1,1" hai="4,10,13,32,33,45,51,55,60,65,69" m="47658" machi="10" ten="30,2000,0" yaku="18,1,52,1" doraHai="3" who="2" fromWho="1" sc="240,0,260,-23,221,33,269,0" /><INIT seed="2,0,0,4,2,25" ten="240,237,254,269" oya="2" hai0="98,39,66,119,26,55,75,99,109,5,10,4,127" hai1="8,69,63,58,78,120,35,33,73,38,118,23,117" hai2="104,12,111,114,129,93,11,96,74,81,110,130,112" hai3="17,116,24,70,2,36,95,40,123,133,43,9,7"/><V1/><F1/><W84/><G116/><T64/><D39/><U121/><E38/><V122/><F104/><W89/><G123/><N who="1" m="47178" /><E69/><V87/><F74/><W44/><G133/><T21/><D119/><N who="1" m="45579" /><E23/><V46/><F46/><W132/><G132/><T13/><D4/><U85/><E73/><V27/><F27/><W53/><G70/><T72/><D109/><N who="2" m="41482" /><F122/><W68/><G68/><T82/><D127/><U15/><E85/><V42/><F42/><W103/><G43/><T29/><D55/><N who="1" m="34271" /><E78/><N who="2" m="46519" /><F11/><W30/><G36/><T100/><D72/><U97/><E97/><V77/><F77/><W61/><G9/><T105/><REACH who="0" step="1"/><D98/><REACH who="0" ten="230,237,254,269" step="2"/><U37/><E37/><V83/><F114/><W56/><G40/><T92/><D92/><U94/><E94/><V107/><F112/><W50/><G95/><T135/><D135/><U0/><E0/><V59/><F93/><W47/><G2/><T71/><D71/><U3/><E3/><V48/><F96/><W19/><G53/><T90/><D90/><U91/><E91/><V57/><F107/><W101/><G89/><T52/><D52/><U134/><E134/><V86/><F86/><W6/><G84/><T60/><D60/><U31/><E31/><V28/><F28/><W32/><G61/><T102/><D102/><U49/><E49/><V80/><F48/><W108/><G108/><T128/><D128/><U16/><AGARI ba="0,1" hai="8,15,16,33,35" m="34271,45579,47178" machi="16" ten="30,2000,0" yaku="13,1,54,1" doraHai="25" who="1" fromWho="1" sc="230,-5,237,30,254,-10,269,-5" /><INIT seed="3,0,0,1,2,75" ten="225,267,244,264" oya="3" hai0="20,42,91,119,64,67,70,92,3,131,1,126,99" hai1="118,45,12,120,124,41,9,17,49,94,69,123,53" hai2="37,122,116,73,32,47,8,35,101,55,48,112,133" hai3="10,11,6,16,103,51,2,84,23,106,19,5,135"/><W98/><G135/><T66/><D119/><U110/><E110/><V134/><F116/><W90/><G51/><T68/><D126/><U113/><E124/><V125/><F125/><W0/><G23/><T108/><D108/><U4/><E113/><V87/><F112/><W38/><G38/><T111/><D111/><U100/><E69/><V97/><F73/><W60/><G60/><T24/><D131/><U61/><E118/><V77/><F37/><W44/><G44/><T130/><D130/><U52/><E4/><V81/><F8/><W96/><G96/><T54/><D42/><U33/><E33/><V78/><F78/><W86/><G86/><T85/><D54/><U79/><E61/><V63/><F63/><W46/><G46/><T117/><D117/><U132/><E132/><N who="2" m="50795" /><F122/><W115/><G115/><T25/><D25/><U76/><E120/><V59/><F59/><W109/><G109/><T105/><D70/><U40/><E123/><V80/><F80/><AGARI ba="0,0" hai="0,2,5,6,10,11,16,19,80,84,90,98,103,106" machi="80" ten="30,5800,0" yaku="7,1,9,1,54,1" doraHai="75" who="3" fromWho="2" sc="225,0,267,0,244,-58,264,58" owari="225,-17.0,267,7.0,186,-31.0,322,41.0" /></mjloggm>