<mjloggm ver="2.3"><GO type="225" lobby="0"/><UN n0="%E3%82%8C%E3%81%A3%E3%81%A9%E3%81%A9%E3%81%A3%E3%81%90" n1="%45%6D%75%72%61%74%65%64" n2="%E3%81%8D%E3%82%8A%E3%81%B5%E3%81%A0" n3="%E7%8D%A3%E8%87%AD%E3%81%84%E8%82%89%E7%90%83" dan="16,16,17,17" rate="2085.33,2061.20,2188.50,2203.34" sx="F,M,M,M"/><TAIKYOKU oya="0"/><INIT seed="0,0,0,3,0,72" ten="250,250,250,250" oya="0" hai0="96,120,81,98,118,93,20,112,0,38,107,91,82" hai1="128,59,133,75,49,13,125,126,130,134,78,100,19" hai2="29,135,36,25,58,97,65,73,109,27,62,90,124" hai3="30,54,103,7,108,79,44,3,8,132,121,122,43"/><T55/><D0/><U57/><E100/><V51/><F109/><W16/><G108/><T21/><D112/><U67/><E67/><V9/><F36/><W84/><G132/><N who="1" m="50794" /><E75/><V53/><F124/><N who="1" m="47721" /><E78/><V17/><F73/><W4/><G30/><T127/><D127/><U5/><E5/><V23/><F135/><W42/><G103/><T102/><D120/><N who="3" m="46185" /><G54/><T66/><D118/><U39/><E39/><V47/><F9/><W50/><G43/><T76/><D66/><U45/><E19/><V40/><F65/><W24/><G4/><T68/><D68/><U63/><E13/><V41/><F41/><W32/><G32/><T123/><D123/><U71/><E71/><V99/><REACH who="2" step="1"/><F90/><REACH who="2" ten="250,250,240,250" step="2"/><W1/><G8/><T110/><D38/><U10/><E10/><V115/><F115/><W86/><G42/><T116/><D110/><U12/><E12/><V26/><F26/><W37/><G37/><T31/><D116/><U14/><E14/><V70/><F70/><W101/><G24/><T92/><D55/><N who="1" m="30127" /><E63/><V35/><AGARI ba="0,1" hai="17,23,25,27,29,35,40,47,51,53,58,62,97,99" machi="35" ten="20,2700,0" yaku="1,1,0,1,7,1,53,0" doraHai="72" doraHaiUra="89" who="2" fromWho="2" sc="250,-13,250,-7,240,37,250,-7" /><INIT seed="1,0,0,0,2,8" ten="237,243,277,243" oya="1" hai0="50,24,96,74,27,112,109,87,15,53,64,10,67" hai1="46,61,25,9,45,103,32,13,60,34,18,95,16" hai2="57,71,7,82,6,58,3,29,2,119,69,66,91" hai3="104,89,56,86,76,37,52,38,93,123,22,42,122"/><U49/><E45/><V99/><F119/><W39/><G104/><T55/><D74/><U81/><E81/><V135/><F135/><W48/><G42/><T31/><D112/><U118/><E118/><V62/><F29/><W98/><G76/><T79/><D96/><N who="1" m="59807" /><E34/><V124/><F124/><W108/><G108/><T107/><D109/><U90/><E90/><V121/><F121/><W115/><G115/><T51/><D107/><U73/><E73/><V83/><F99/><W54/><G98/><T130/><D130/><U101/><E101/><V70/><F91/><W131/><G131/><T80/><D31/><U43/><E32/><V68/><F58/><W5/><G5/><N who="0" m="3535" /><D67/><U117/><E117/><V17/><F70/><W23/><REACH who="3" step="1"/><G54/><REACH who="3" ten="237,243,277,233" step="2"/><N who="0" m="20491" /><D64/><U1/><E1/><V26/><F2/><W102/><G102/><T129/><D129/><U0/><E0/><V92/><F3/><W94/><G94/><T100/><D100/><U21/><AGARI ba="0,1" hai="9,13,16,18,21,25,43,46,49,60,61" m="59807" machi="21" ten="30,6000,0" yaku="8,1,52,1,54,1" doraHai="8" who="1" fromWho="1" sc="237,-20,243,70,277,-20,233,-20" /><INIT seed="1,1,0,4,3,111" ten="217,313,257,213" oya="1" hai0="68,109,6,51,16,132,36,40,19,94,26,105,112" hai1="23,129,119,73,24,131,115,10,50,63,3,108,56" hai2="81,7,133,65,1,37,83,93,79,130,30,89,38" hai3="99,49,110,27,88,98,67,104,126,32,12,13,59"/><U4/><E119/><V78/><F130/><N who="1" m="49673" /><E73/><V121/><F133/><W134/><G110/><T70/><D105/><U57/><E108/><V122/><F30/><W58/><G134/><T101/><D109/><U84/><E84/><V114/><F65/><W14/><G126/><T124/><D132/><U54/><E115/><V35/><F35/><W5/><G5/><T33/><D36/><U76/><E76/><V25/><F25/><W34/><G104/><T75/><D75/><U107/><E107/><V106/><F106/><W20/><G34/><T69/><D6/><U117/><E117/><V46/><F7/><W39/><G39/><T118/><D118/><U15/><E3/><V85/><F1/><W77/><G32/><T135/><D135/><U2/><E2/><V102/><F37/><W47/><G77/><T62/><D124/><U9/><E15/><V31/><F38/><W116/><G116/><T52/><D112/><U11/><E11/><V48/><F114/><W41/><G67/><T125/><D125/><U74/><E74/><V43/><F122/><W17/><G99/><T86/><D86/><U71/><E71/><V29/><F121/><W90/><G98/><N who="0" m="59607" /><D33/><U61/><E4/><V21/><F79/><W28/><G28/><T82/><D26/><U120/><E120/><V91/><F31/><W0/><G0/><T100/><D100/><U87/><E87/><V18/><F29/><W44/><G44/><N who="0" m="25991" /><D82/><U55/><E50/><V72/><F102/><W113/><G113/><T66/><D66/><U92/><E92/><V8/><F78/><W42/><G42/><RYUUKYOKU ba="1,0" sc="217,10,313,10,257,-30,213,10" hai0="16,19,52,62,68,69,70" hai1="9,10,23,24,54,55,56,57,61,63" hai3="12,13,14,17,20,27,41,47,49,58,59,88,90" /><INIT seed="1,2,0,5,4,79" ten="227,323,227,223" oya="1" hai0="39,78,44,0,29,6,86,66,95,100,32,130,121" hai1="8,70,31,2,112,9,43,49,123,90,73,132,56" hai2="58,122,128,85,33,22,76,15,52,14,99,97,93" hai3="37,102,88,35,129,38,134,36,103,50,12,47,105"/><U63/><E73/><V119/><F33/><W41/><G35/><T23/><D130/><U89/><E112/><V67/><F128/><W91/><G129/><T59/><D32/><U104/><E104/><V135/><F119/><W124/><G134/><T80/><D0/><U45/><E123/><V71/><F135/><W69/><G69/><T21/><D121/><U110/><E70/><V54/><F71/><W55/><G124/><T118/><D118/><U19/><E132/><V26/><F67/><W60/><G12/><N who="2" m="4649" /><F122/><W42/><G105/><T34/><D6/><U3/><E3/><V51/><F54/><W20/><G20/><T46/><D34/><U40/><E2/><V61/><F51/><W1/><G1/><T81/><D39/><U106/><E106/><V57/><F57/><W13/><G13/><T74/><D23/><U117/><E117/><V18/><F76/><W5/><G5/><T87/><D74/><U28/><E40/><V7/><F7/><W75/><G75/><T53/><D66/><U120/><E120/><V101/><F85/><W109/><G41/><T133/><D133/><U25/><E8/><V68/><F68/><W64/><G64/><T10/><D10/><U30/><E9/><V127/><F127/><W82/><G36/><T77/><D21/><U48/><E43/><V65/><F65/><W83/><G37/><T108/><D29/><U72/><E72/><V62/><F62/><W98/><G38/><T84/><D108/><U107/><E110/><V113/><F113/><W131/><G131/><T126/><D126/><U125/><E125/><RYUUKYOKU ba="2,0" sc="227,-10,323,-10,227,30,223,-10" hai2="18,22,26,52,58,61,93,97,99,101" /><INIT seed="2,3,0,0,5,27" ten="217,313,257,213" oya="2" hai0="124,13,78,4,128,61,26,11,15,56,135,46,32" hai1="80,133,37,43,115,110,106,87,67,60,19,100,65" hai2="41,21,54,89,122,107,132,105,3,68,38,85,96" hai3="86,31,63,9,113,97,91,99,42,74,36,123,111"/><V120/><F132/><W8/><G74/><T35/><D135/><U98/><E133/><V45/><F3/><W5/><G123/><T117/><D78/><U81/><E115/><V47/><F68/><W84/><G113/><T75/><D75/><U49/><E110/><V77/><F77/><W30/><G111/><T20/><D46/><U82/><E37/><V12/><F96/><N who="3" m="36939" /><G36/><T126/><D117/><U23/><E67/><V130/><F130/><W34/><G34/><N who="0" m="12843" /><D56/><U16/><E19/><V79/><F79/><W66/><G42/><T44/><D61/><U108/><E108/><V88/><F105/><W118/><G118/><T24/><D44/><U28/><E28/><N who="3" m="10794" /><G5/><T102/><D102/><U94/><E106/><V39/><F107/><W17/><G17/><N who="0" m="10303" /><D128/><U18/><E43/><V58/><F39/><W50/><G50/><T134/><D134/><U76/><E49/><V71/><F38/><W93/><G86/><T29/><D26/><U72/><E72/><V92/><F41/><W114/><G114/><T64/><D64/><U83/><E65/><V55/><F85/><W119/><G119/><T90/><D90/><U73/><E73/><V22/><F88/><W129/><G129/><T131/><D131/><U62/><E87/><V10/><F89/><W127/><G127/><T69/><D69/><U57/><E76/><V101/><F71/><W53/><G66/><T48/><D48/><U2/><E100/><V121/><F121/><W6/><G6/><T51/><D51/><U0/><N who="1" m="20480" /><DORA hai="103" /><U112/><E112/><V116/><F122/><W52/><G63/><RYUUKYOKU ba="3,0" sc="217,15,313,-15,257,-15,213,15" hai0="4,11,13,24,29,124,126" hai3="8,9,52,53,84,91,93" /><INIT seed="3,4,0,1,4,129" ten="232,298,242,228" oya="3" hai0="11,64,107,42,10,104,54,68,2,118,38,47,134" hai1="49,117,46,105,109,14,83,121,112,43,102,69,89" hai2="106,119,28,125,87,18,114,71,52,131,44,59,99" hai3="22,31,100,5,76,61,15,92,88,130,55,84,8"/><W36/><G36/><T123/><D118/><U25/><E121/><V21/><F119/><W93/><G130/><T63/><D123/><U110/><E117/><V96/><F114/><W33/><G33/><T66/><D66/><U132/><E112/><V81/><F71/><W135/><G135/><T39/><D39/><U70/><E132/><V91/><F125/><W113/><G113/><T79/><D134/><U0/><E0/><V23/><F106/><W65/><G76/><T13/><D79/><U6/><E25/><N who="2" m="16447" /><F44/><W74/><G74/><T35/><D35/><U133/><E133/><V57/><F57/><N who="3" m="35007" /><G65/><T67/><D67/><U12/><E102/><V16/><F131/><W7/><G7/><T58/><D2/><U29/><E29/><V73/><F73/><W111/><G111/><N who="1" m="42506" /><E105/><V50/><F18/><W24/><G100/><T19/><REACH who="0" step="1"/><D11/><REACH who="0" ten="222,298,242,228" step="2"/><U122/><E122/><V75/><F75/><W20/><G20/><T34/><D34/><U30/><E70/><V94/><F81/><AGARI ba="4,1" hai="5,8,15,22,24,31,81,84,88,92,93" m="35007" machi="81" ten="30,2900,0" yaku="8,1,54,1" doraHai="129" who="3" fromWho="2" sc="222,0,298,0,242,-41,228,51" /><INIT seed="3,5,0,0,3,121" ten="222,298,201,279" oya="3" hai0="105,130,53,31,51,56,65,118,20,97,59,62,123" hai1="99,133,28,50,21,79,7,112,42,120,108,46,2" hai2="116,60,30,6,122,101,119,36,98,8,66,78,110" hai3="23,125,86,74,9,94,85,77,73,39,117,47,80"/><W57/><G117/><T35/><D123/><U83/><E120/><V127/><F122/><W91/><G125/><T84/><D130/><U19/><E112/><V87/><F127/><W90/><G9/><T111/><D35/><U17/><E133/><V54/><F110/><W124/><G124/><T96/><D118/><U75/><E108/><V76/><F36/><W82/><G57/><T43/><D43/><U12/><E99/><V126/><F126/><W100/><G23/><T18/><D31/><U1/><E7/><V92/><F30/><W32/><G32/><T14/><D105/><U49/><E28/><V81/><F54/><W10/><G10/><T22/><D22/><U113/><E113/><V63/><F63/><W24/><G24/><T11/><D11/><U45/><E19/><V88/><F119/><W70/><G70/><T129/><D129/><U109/><E109/><V134/><F134/><W41/><G100/><T135/><D135/><U68/><E68/><V114/><F114/><W58/><G58/><T131/><D131/><U29/><E29/><V0/><REACH who="2" step="1"/><F116/><REACH who="2" ten="222,298,191,279" step="2"/><W3/><G3/><T38/><D38/><U71/><E71/><AGARI ba="5,1" hai="0,6,8,60,66,71,76,78,81,87,88,92,98,101" machi="71" ten="30,7700,0" yaku="1,1,2,1,7,1,54,1,53,0" doraHai="121" doraHaiUra="103" who="2" fromWho="1" sc="222,0,298,-92,191,102,279,0" /><INIT seed="4,0,0,0,4,87" ten="222,206,293,279" oya="0" hai0="91,109,70,16,113,84,57,116,29,106,19,39,89" hai1="41,38,125,37,85,35,10,31,28,24,67,23,120" hai2="47,51,34,121,56,3,59,50,105,74,6,123,102" hai3="90,135,131,5,0,54,95,83,63,9,104,17,129"/><T127/><D116/><U68/><E120/><V126/><F74/><W4/><G104/><T33/><D70/><U117/><E117/><V78/><F34/><W26/><G5/><T43/><D106/><U44/><E125/><V12/><F3/><W118/><G83/><T79/><D127/><U49/><E10/><V72/><F126/><W108/><G118/><T61/><D39/><U7/><E7/><V27/><F27/><W96/><G108/><T32/><D43/><U92/><E67/><V42/><F72/><W98/><G98/><T36/><D36/><U101/><E68/><V13/><F78/><W134/><G54/><N who="0" m="33975" /><D33/><U97/><REACH who="1" step="1"/><E85/><REACH who="1" ten="222,196,293,279" step="2"/><V73/><F123/><W20/><G63/><T8/><D109/><U81/><E81/><V86/><F86/><W45/><G45/><T107/><D8/><U15/><E15/><V103/><F47/><W111/><G111/><T110/><D110/><U64/><E64/><V76/><F73/><W48/><G48/><T94/><D79/><U58/><E58/><V88/><F76/><W122/><G122/><T71/><D71/><U99/><E99/><V62/><F59/><W80/><G80/><T22/><D84/><U52/><E52/><V100/><F56/><W60/><G60/><T119/><D119/><U21/><E21/><V93/><F62/><W132/><AGARI ba="0,1" hai="0,4,9,17,20,26,90,95,96,129,131,132,134,135" machi="132" ten="40,5200,0" yaku="0,1,20,1,52,1" doraHai="87" who="3" fromWho="3" sc="222,-26,196,-13,293,-13,279,62" owari="196,-20.0,183,-32.0,280,8.0,341,44.0" /></mjloggm>