<mjloggm ver="2.3"><GO type="169" lobby="0"/><UN n0="%E3%81%A1%E3%82%83%E3%81%93%E3%81%93" n1="%E3%82%B3%E3%83%9E%E3%83%84%E3%83%9E%E3%83%84%E3%82%B3" n2="%E9%A6%99%E7%B9%94%E3%82%AB%E3%83%B2%E3%83%AB" n3="%E3%81%BE%E3%81%81%E3%81%8C%E3%82%8A%E3%82%93" dan="16,16,16,17" rate="2119.29,2111.40,2077.34,2159.34" sx="F,M,F,M"/><TAIKYOKU oya="0"/><INIT seed="0,0,0,0,5,0" ten="250,250,250,250" oya="0" hai0="113,13,39,27,24,80,134,21,48,106,56,97,14" hai1="69,79,30,122,89,8,36,34,64,119,57,45,70" hai2="94,100,15,59,3,132,107,62,9,5,33,133,68" hai3="74,78,114,84,50,105,101,52,120,16,128,29,43"/><T44/><D39/><U118/><E122/><V96/><F33/><W71/><G71/><T116/><D116/><U2/><E89/><V73/><F73/><W102/><G114/><T37/><D113/><U63/><E30/><V112/><F112/><W99/><G29/><T91/><D134/><N who="2" m="51818" /><F68/><W93/><G102/><T23/><D106/><U40/><E34/><V82/><F82/><N who="3" m="47191" /><G74/><T51/><D37/><U98/><E98/><V7/><F3/><W95/><G105/><T123/><D123/><U90/><E90/><V38/><F38/><W130/><G43/><T49/><D44/><U32/><E32/><V110/><F110/><W19/><G95/><N who="0" m="56575" /><D80/><U75/><E57/><V35/><F35/><W54/><G120/><T117/><D56/><U66/><E66/><N who="2" m="39263" /><F107/><W115/><G115/><T17/><D117/><U81/><E70/><V127/><F127/><W53/><G50/><T126/><D126/><U22/><E22/><V1/><F1/><W41/><G41/><T125/><D125/><U103/><E103/><V60/><F60/><W85/><G85/><T58/><D58/><U111/><E111/><V121/><F121/><W108/><G108/><T77/><D77/><U135/><E135/><V109/><F109/><W10/><G10/><T124/><D124/><U104/><E104/><V72/><F72/><W76/><G76/><T6/><D23/><U42/><E42/><V11/><F11/><AGARI ba="0,0" hai="6,11,13,14,17,21,24,27,48,49,51" m="56575" machi="11" ten="30,2900,0" yaku="8,1,52,1" doraHai="0" who="0" fromWho="2" sc="250,29,250,0,250,-29,250,0" /><INIT seed="0,1,0,0,3,116" ten="279,250,221,250" oya="0" hai0="23,132,127,122,39,92,1,14,11,47,56,28,12" hai1="86,46,53,112,72,32,73,52,75,79,71,76,31" hai2="130,117,22,78,51,21,97,119,60,58,5,10,69" hai3="101,40,24,99,128,89,84,2,27,82,90,13,26"/><T29/><D122/><U120/><E71/><V25/><F130/><W103/><G2/><T114/><D114/><U57/><E112/><V77/><F69/><W133/><G133/><T4/><D127/><U16/><E120/><V0/><F51/><W118/><G118/><N who="2" m="45065" /><F97/><W87/><G128/><T94/><D132/><U105/><E105/><V35/><F35/><W134/><G134/><T45/><D1/><U74/><E31/><N who="0" m="11849" /><D39/><U80/><E32/><V129/><F129/><W126/><G126/><T70/><D56/><U108/><E108/><V33/><F33/><W44/><G13/><T131/><D70/><U34/><E34/><V68/><F68/><W43/><G99/><T111/><D111/><U66/><E76/><N who="2" m="29291" /><F25/><W38/><REACH who="3" step="1"/><G43/><REACH who="3" ten="279,250,221,240" step="2"/><T15/><D131/><U125/><E125/><V18/><F18/><W41/><G41/><T83/><D14/><U110/><E110/><V115/><F115/><W42/><G42/><T93/><D83/><AGARI ba="1,1" hai="24,26,27,38,40,44,82,83,84,87,89,90,101,103" machi="83" ten="40,2600,0" yaku="1,1,9,1,53,0" doraHai="116" doraHaiUra="62" who="3" fromWho="0" sc="279,-29,250,0,221,0,240,39" /><INIT seed="1,0,0,0,0,109" ten="250,250,221,279" oya="1" hai0="6,34,17,73,99,121,61,67,60,118,58,124,131" hai1="94,112,53,89,42,125,116,119,36,16,69,126,81" hai2="101,33,32,1,76,135,75,51,115,63,14,91,0" hai3="105,64,98,29,68,78,74,15,41,19,80,84,114"/><U62/><E81/><V110/><F101/><W86/><G41/><T10/><D118/><N who="1" m="45099" /><E89/><V132/><F110/><W134/><G29/><T103/><D73/><U37/><E94/><V59/><F51/><W28/><G28/><T22/><D124/><N who="1" m="47723" /><E42/><V107/><F107/><W111/><G64/><T4/><D34/><U27/><E27/><V113/><F91/><W52/><G68/><T122/><D99/><U3/><E16/><V85/><F14/><W26/><G26/><T47/><D103/><U55/><E3/><N who="2" m="1099" /><F85/><W66/><G66/><T87/><D87/><U129/><E129/><V24/><F76/><W5/><G19/><T120/><D131/><U50/><E69/><V49/><F49/><W30/><G84/><T90/><D90/><U20/><E20/><V2/><N who="2" m="1107" /><V44/><DORA hai="83" /><F44/><W117/><G86/><T31/><D47/><N who="1" m="27871" /><E112/><N who="2" m="43083" /><F75/><W65/><G78/><T54/><D4/><U35/><E35/><N who="2" m="13387" /><F24/><W21/><G74/><T104/><D104/><U7/><E7/><V88/><F88/><W128/><G105/><T123/><D6/><U97/><E97/><V96/><F96/><W133/><G98/><T127/><D123/><U100/><E100/><V38/><F38/><W25/><G25/><N who="0" m="16823" /><D127/><U12/><E12/><V8/><F8/><N who="3" m="4495" /><G128/><T43/><D121/><U95/><E95/><V45/><F45/><W108/><G108/><T11/><D122/><U46/><E46/><V56/><F56/><AGARI ba="0,0" hai="36,37,55,56,62" m="27871,47723,45099" machi="56" ten="30,5800,0" yaku="18,1,34,2" doraHai="109,83" who="1" fromWho="2" sc="250,0,250,58,221,-58,279,0" /><INIT seed="1,1,0,4,0,26" ten="250,308,163,279" oya="1" hai0="111,1,114,88,76,47,16,120,93,74,104,75,6" hai1="12,27,123,2,25,108,99,4,133,31,132,66,117" hai2="125,119,72,101,63,34,70,62,11,7,113,106,94" hai3="109,112,80,89,97,46,42,0,22,55,23,58,10"/><U54/><E66/><V127/><F119/><W3/><G112/><T67/><D114/><U50/><E117/><V71/><F113/><W24/><G109/><T130/><D111/><U21/><E108/><V36/><F36/><W56/><G22/><T59/><D104/><U45/><E123/><V38/><F38/><W33/><G33/><T37/><D130/><U124/><E2/><V61/><F72/><W30/><G10/><T126/><D126/><N who="2" m="48138" /><F34/><W100/><G89/><T43/><D120/><U129/><E124/><V60/><N who="2" m="15360" /><DORA hai="49" /><V13/><F106/><W41/><G80/><T64/><D59/><U19/><E129/><V65/><F65/><W17/><G41/><T85/><D6/><U53/><E99/><AGARI ba="1,0" hai="7,11,13,70,71,94,99,101" m="15360,48138" machi="99" ten="50,1600,0" yaku="18,1" doraHai="26,49" who="2" fromWho="1" sc="250,0,308,-19,163,19,279,0" /><INIT seed="2,0,0,3,1,4" ten="250,289,182,279" oya="2" hai0="122,63,92,30,116,64,104,53,41,71,125,13,107" hai1="99,90,5,46,34,103,45,57,42,21,0,105,50" hai2="16,55,6,9,60,18,91,78,97,131,35,31,119" hai3="134,65,130,10,120,56,44,115,133,117,47,80,89"/><V11/><F119/><W19/><G117/><T17/><D122/><U128/><E128/><V36/><F36/><W51/><G120/><T8/><D125/><U95/><E34/><V3/><F131/><W38/><G130/><T67/><D116/><U69/><E69/><V121/><F121/><W82/><G115/><T52/><D67/><U106/><E57/><V83/><F35/><W111/><G111/><T94/><D94/><U48/><E5/><V76/><F31/><W88/><G38/><T77/><D41/><U40/><E0/><V96/><F91/><N who="3" m="34891" /><G65/><T126/><D126/><U75/><E75/><V1/><F1/><W79/><G56/><T14/><D92/><U109/><E109/><V22/><F76/><W62/><G62/><T61/><D30/><U132/><E132/><N who="3" m="50794" /><G51/><T29/><D29/><U73/><E73/><V25/><F55/><W118/><G118/><T85/><D63/><U20/><REACH who="1" step="1"/><E106/><REACH who="1" ten="250,279,182,279" step="2"/><V59/><F59/><W72/><G80/><N who="0" m="47247" /><D104/><U98/><AGARI ba="0,1" hai="20,21,40,42,45,46,48,50,90,95,98,99,103,105" machi="98" ten="20,5200,0" yaku="1,1,0,1,7,1,9,1,53,0" doraHai="4" doraHaiUra="33" who="1" fromWho="1" sc="250,-13,279,62,182,-26,279,-13" /><INIT seed="3,0,0,5,0,100" ten="237,341,156,266" oya="3" hai0="29,52,74,8,37,49,84,85,6,104,112,50,105" hai1="41,63,32,53,25,27,89,80,135,30,23,57,130" hai2="92,117,94,46,1,115,103,21,12,16,91,42,96" hai3="14,107,3,90,7,65,11,134,20,35,131,87,102"/><W43/><G35/><T114/><D37/><U95/><E135/><V19/><F117/><W77/><G77/><T36/><D36/><U76/><E130/><V67/><F115/><N who="0" m="44074" /><D74/><U47/><E76/><V118/><F118/><W13/><G134/><T128/><D29/><U40/><E80/><V126/><F126/><W15/><G131/><T78/><D49/><U60/><E60/><V61/><F1/><W0/><G43/><T82/><D85/><U9/><E9/><V2/><F2/><W99/><G0/><N who="0" m="71" /><D128/><U70/><E70/><V45/><F19/><W123/><G65/><T81/><D81/><U5/><E5/><V68/><REACH who="2" step="1"/><F42/><REACH who="2" ten="237,341,146,266" step="2"/><W79/><G123/><T122/><D122/><U56/><E41/><V88/><F88/><W4/><G4/><T97/><D97/><AGARI ba="0,1" hai="12,16,21,45,46,61,67,68,91,92,94,96,97,103" machi="97" ten="30,7700,0" yaku="1,1,7,1,54,1,53,1" doraHai="100" doraHaiUra="18" who="2" fromWho="0" sc="237,-77,341,0,146,87,266,0" /><INIT seed="4,0,0,1,5,91" ten="160,341,233,266" oya="0" hai0="108,124,78,79,126,104,133,94,48,112,105,93,11" hai1="88,24,8,39,90,85,132,5,76,131,103,71,46" hai2="26,109,7,56,73,119,66,129,111,16,113,23,35" hai3="55,27,61,87,36,29,86,84,118,101,43,72,116"/><T120/><D120/><U17/><E71/><V49/><F73/><W40/><G72/><T6/><D112/><U128/><E132/><V80/><F113/><W3/><G3/><T38/><D38/><U68/><E68/><V99/><F129/><W21/><G101/><T15/><D133/><U135/><E103/><V107/><F119/><W127/><G127/><N who="0" m="48683" /><D108/><U96/><E135/><V70/><F70/><W74/><G74/><T18/><D48/><U31/><E17/><V12/><F107/><N who="0" m="41034" /><D6/><U59/><E59/><V58/><F99/><W41/><G36/><T60/><D60/><U69/><E69/><V102/><F102/><W134/><G134/><T50/><D50/><U47/><E76/><AGARI ba="0,0" hai="11,15,18,76,78,79,93,94" m="41034,48683" machi="76" ten="30,5800,0" yaku="18,1,52,2" doraHai="91" who="0" fromWho="1" sc="160,58,341,-58,233,0,266,0" /><INIT seed="4,1,0,2,1,109" ten="218,283,233,266" oya="0" hai0="62,121,5,84,68,28,75,1,21,111,100,29,10" hai1="112,126,93,127,135,96,11,39,59,116,128,64,71" hai2="33,13,32,49,47,26,9,57,122,20,91,117,106" hai3="25,89,14,113,0,95,38,12,4,85,97,101,63"/><T66/><D121/><U78/><E116/><V77/><F122/><W99/><G38/><T86/><D75/><U131/><E39/><V60/><F117/><W90/><G0/><T16/><D111/><U44/><E71/><V119/><F119/><W53/><G113/><T120/><D100/><U130/><E78/><V103/><F77/><W70/><G4/><T104/><D104/><U40/><E11/><V124/><F124/><N who="1" m="47657" /><E96/><V46/><F91/><W94/><G25/><T76/><D120/><U23/><E23/><V6/><F103/><W81/><G70/><T58/><D68/><U65/><E93/><V37/><F37/><W48/><REACH who="3" step="1"/><G63/><REACH who="3" ten="218,283,233,256" step="2"/><T18/><D28/><U52/><E112/><V105/><F32/><W61/><G61/><T34/><D34/><U129/><E129/><V2/><F2/><W123/><G123/><T115/><D115/><U79/><E135/><V118/><F118/><W35/><G35/><T41/><D29/><U133/><E133/><V24/><F33/><W56/><AGARI ba="1,1" hai="12,14,48,53,56,81,85,89,90,94,95,97,99,101" machi="56" ten="20,5200,0" yaku="1,1,0,1,7,1,8,1,53,0" doraHai="109" doraHaiUra="30" who="3" fromWho="3" sc="218,-27,283,-14,233,-14,256,65" /><INIT seed="5,0,0,3,5,7" ten="191,269,219,321" oya="1" hai0="107,63,9,104,86,34,131,30,108,69,132,49,98" hai1="31,94,95,84,82,109,5,24,43,70,28,18,81" hai2="111,13,10,1,15,17,40,59,37,29,71,52,11" hai3="126,58,25,124,33,117,67,72,99,41,112,19,100"/><U129/><E70/><V57/><F71/><W4/><G72/><T130/><D108/><U21/><E129/><N who="0" m="49161" /><D132/><U115/><E115/><V61/><F1/><W97/><G4/><T53/><D30/><U119/><E119/><V79/><F111/><W93/><G41/><T89/><D34/><U123/><E123/><V0/><F0/><W23/><G33/><T73/><D73/><U56/><E43/><V114/><F114/><W50/><G112/><T14/><D98/><U133/><E133/><V44/><F29/><N who="1" m="11337" /><E5/><V64/><F79/><W91/><G117/><T122/><D63/><U2/><E2/><V135/><F135/><W55/><REACH who="3" step="1"/><G67/><REACH who="3" ten="191,269,219,311" step="2"/><T76/><D122/><U77/><E109/><V78/><F78/><W27/><G27/><T46/><D76/><U6/><E6/><V80/><F15/><W87/><G87/><T75/><D75/><U118/><E118/><V20/><REACH who="2" step="1"/><F80/><REACH who="2" ten="191,269,209,311" step="2"/><W48/><G48/><AGARI ba="0,2" hai="10,11,13,17,20,37,40,44,48,52,57,59,61,64" machi="48" ten="30,12000,2" yaku="1,1,2,1,7,1,52,2,54,1,53,0" doraHai="7" doraHaiUra="74" who="2" fromWho="3" sc="191,0,269,0,209,140,311,-120" /><INIT seed="6,0,0,5,1,78" ten="191,269,349,191" oya="2" hai0="90,33,95,96,2,43,77,105,130,36,91,64,81" hai1="50,39,31,110,116,115,32,48,102,89,108,70,98" hai2="121,37,54,29,22,122,21,57,26,14,82,111,63" hai3="58,83,47,6,80,17,124,119,133,66,117,106,109"/><V34/><F37/><W0/><G109/><T103/><D2/><U123/><E39/><V19/><F111/><W72/><G72/><T99/><D33/><U69/><E116/><V35/><REACH who="2" step="1"/><F82/><REACH who="2" ten="191,269,339,191" step="2"/><W41/><G83/><T113/><D36/><U71/><E110/><V101/><F101/><W59/><G80/><T4/><D81/><U15/><E108/><V107/><F107/><W24/><G106/><T46/><D103/><U16/><E102/><V118/><F118/><W62/><G119/><T112/><D105/><U60/><E89/><V49/><F49/><W93/><G117/><T53/><D91/><U97/><E50/><V40/><F40/><W88/><G41/><T18/><D43/><U132/><E48/><V52/><F52/><W76/><G88/><T12/><D53/><U8/><E123/><AGARI ba="0,1" hai="14,19,21,22,26,29,34,35,54,57,63,121,122,123" machi="123" ten="40,3900,0" yaku="1,1,53,1" doraHai="78" doraHaiUra="10" who="2" fromWho="1" sc="191,0,269,-39,339,49,191,0" /><INIT seed="6,1,0,5,4,13" ten="191,230,388,191" oya="2" hai0="30,74,35,124,133,17,71,51,132,69,130,115,23" hai1="9,0,42,43,102,27,10,46,3,110,73,92,91" hai2="109,36,108,119,88,76,94,48,21,104,114,2,79" hai3="11,26,54,56,52,95,63,31,97,19,125,41,101"/><V90/><F2/><W96/><G125/><T59/><D74/><U128/><E110/><N who="2" m="42603" /><F36/><W12/><G41/><T86/><D115/><U113/><E73/><V134/><F114/><W107/><G107/><T65/><D130/><U15/><E113/><V118/><F134/><N who="0" m="51818" /><D124/><U81/><E128/><V18/><F104/><W62/><G96/><T5/><D5/><U25/><E42/><V82/><F48/><W53/><G62/><N who="0" m="38111" /><D51/><U37/><E102/><V68/><F68/><W127/><G127/><T45/><D45/><U6/><E81/><V93/><F82/><W49/><G49/><T99/><D99/><U34/><E34/><AGARI ba="1,0" hai="11,12,19,26,31,34,52,53,54,56,63,95,97,101" machi="34" ten="30,3900,0" yaku="7,1,52,1,54,1" doraHai="13" who="3" fromWho="1" sc="191,0,230,-42,388,0,191,42" /><INIT seed="7,0,0,0,3,87" ten="191,188,388,233" oya="3" hai0="3,51,84,72,16,110,38,132,96,26,31,58,37" hai1="4,47,44,120,134,130,101,30,107,103,40,17,76" hai2="127,2,63,85,29,81,13,32,131,82,18,25,70" hai3="48,7,45,57,79,6,68,24,34,135,23,121,52"/><W119/><G68/><T94/><D110/><U112/><E120/><V78/><F2/><W89/><G79/><T27/><D72/><U124/><E107/><V35/><F127/><W109/><G34/><T62/><D3/><U65/><E124/><V19/><F35/><W106/><G106/><T36/><D132/><U88/><E30/><V12/><F131/><W113/><G119/><T33/><D51/><N who="1" m="27015" /><E4/><V98/><F98/><W59/><G121/><T118/><D84/><U8/><E76/><V43/><F43/><W108/><G135/><T10/><D118/><U42/><E134/><V90/><F70/><W91/><G113/><T97/><D97/><U9/><E112/><V111/><F111/><N who="3" m="42571" /><G7/><T50/><D50/><N who="1" m="26999" /><E130/><V39/><F78/><W102/><G102/><N who="1" m="38922" /><E65/><V133/><F63/><N who="3" m="36263" /><G59/><T128/><D128/><U126/><E126/><V93/><F32/><W129/><G6/><T21/><D10/><N who="1" m="4203" /><E17/><V22/><F22/><W41/><G129/><T114/><D114/><U14/><E88/><V73/><F19/><AGARI ba="0,0" hai="19,23,24,41,45,48,89,91" m="36263,42571" machi="19" ten="30,11600,0" yaku="10,1,52,2,54,1" doraHai="87" who="3" fromWho="2" sc="191,0,188,0,388,-116,233,116" owari="191,-21.0,188,-31.0,272,7.0,349,45.0" /></mjloggm>