<mjloggm ver="2.3"><GO type="185" lobby="0"/><UN n0="%E8%8A%B1%E5%92%B2%E3%81%AE%E3%81%AE%E3%81%8B" n1="%E3%81%97%E3%82%85%E3%82%89%E3%82%8B" n2="%33%E7%95%AA%44%48%E4%BA%95%E7%AB%AF" n3="" dan="16,17,17,0" rate="2137.41,2272.87,2279.08,1500.00" sx="F,M,M,C"/><TAIKYOKU oya="0"/><INIT seed="0,0,0,5,0,71" ten="350,350,350,0" oya="0" hai0="84,99,114,135,129,80,92,36,70,55,33,100,98" hai1="61,47,97,50,123,51,115,58,40,39,89,38,83" hai2="133,54,109,82,112,1,122,63,125,108,32,119,67" hai3=""/><T56/><D33/><U85/><N who="1" m="31520" /><U69/><E115/><V95/><N who="2" m="31264" /><V52/><F112/><T117/><D114/><U46/><E69/><V73/><F32/><T91/><D117/><U42/><E97/><V126/><F1/><T43/><D70/><U72/><E72/><V48/><F119/><T64/><D64/><AGARI ba="0,0" hai="38,39,40,42,46,47,50,51,58,61,64,83,85,89" m="31520" machi="64" ten="30,8000,1" yaku="7,1,9,1,52,3" doraHai="71" who="1" fromWho="0" sc="350,-80,350,80,350,0,0,0" /><INIT seed="1,0,0,2,4,111" ten="270,430,350,0" oya="1" hai0="70,92,119,133,45,39,124,32,97,41,62,57,33" hai1="85,63,1,75,96,89,36,117,40,52,134,51,76" hai2="42,114,83,79,106,122,121,46,118,78,53,37,43" hai3=""/><U55/><E117/><V90/><N who="2" m="31008" /><V80/><N who="2" m="31264" /><V102/><F118/><T34/><D119/><U65/><E1/><V66/><F66/><T67/><D133/><U135/><E96/><V110/><F110/><T58/><REACH who="0" step="1"/><D124/><REACH who="0" ten="260,430,350,0" step="2"/><U44/><E135/><V47/><F114/><T84/><D84/><U104/><E134/><V86/><F53/><T123/><N who="0" m="31520" /><T0/><D0/><U94/><E55/><V109/><F109/><T56/><D56/><U99/><E52/><V115/><F115/><T77/><D77/><U73/><E76/><V128/><F128/><T54/><D54/><U50/><E75/><V81/><F79/><T93/><D93/><U35/><E73/><V49/><REACH who="2" step="1"/><F78/><REACH who="2" ten="260,430,340,0" step="2"/><T129/><D129/><U71/><E65/><V88/><F88/><AGARI ba="0,2" hai="32,33,34,39,41,45,57,58,62,67,70,88,92,97" m="31520" machi="88" ten="40,5200,0" yaku="1,1,52,1,54,1,53,0" doraHai="111" doraHaiUra="72" who="0" fromWho="2" sc="260,72,430,0,340,-52,0,0" /><INIT seed="2,0,0,1,1,73" ten="332,430,288,0" oya="2" hai0="89,125,57,39,105,74,84,121,78,48,112,94,59" hai1="43,32,37,71,91,49,65,69,101,132,114,44,77" hai2="116,58,97,130,54,127,108,81,107,115,119,52,104" hai3=""/><V56/><F115/><T38/><N who="0" m="31008" /><T83/><D112/><U99/><E114/><V118/><F130/><T113/><D113/><U134/><E32/><V42/><F127/><T93/><D125/><U109/><E91/><V55/><F108/><T86/><D105/><U79/><E109/><V110/><F110/><T33/><D33/><U82/><E37/><V129/><F129/><T61/><D48/><U67/><E67/><V75/><F42/><T50/><D50/><U45/><E45/><V128/><F128/><T102/><D59/><U1/><E1/><V46/><F46/><T123/><N who="0" m="31520" /><T47/><D47/><U103/><E101/><V40/><F40/><T34/><D34/><U62/><E71/><V3/><F3/><T135/><D135/><N who="1" m="51755" /><E82/><V36/><F36/><T95/><D102/><U100/><E100/><V0/><F0/><T122/><N who="0" m="31264" /><T131/><D131/><U90/><E90/><V120/><N who="2" m="30752" /><V51/><F97/><T64/><D39/><U96/><E103/><V70/><F70/><T133/><D133/><U63/><E63/><V124/><F124/><T68/><D68/><U98/><AGARI ba="0,0" hai="43,44,49,62,65,69,77,79,96,98,99" m="51755" machi="98" ten="30,3000,0" yaku="20,1,52,2" doraHai="73" who="1" fromWho="1" sc="332,-10,430,30,288,-20,0,0" /><INIT seed="4,0,0,5,0,65" ten="322,460,268,0" oya="0" hai0="80,44,93,51,133,32,40,134,42,99,130,56,122" hai1="39,105,104,121,95,129,91,85,82,126,112,45,83" hai2="101,59,127,38,86,108,41,123,67,62,49,120,79" hai3=""/><T124/><N who="0" m="31264" /><T73/><D32/><U102/><N who="1" m="31008" /><U37/><E129/><V115/><N who="2" m="30752" /><V76/><N who="2" m="31520" /><V114/><F108/><T88/><D130/><U43/><E126/><V119/><F119/><T92/><D124/><U55/><E37/><V69/><F127/><T107/><D107/><U100/><E112/><N who="2" m="43051" /><F101/><T113/><D113/><U106/><E55/><V35/><F35/><T132/><D56/><U117/><E117/><V70/><F86/><T110/><D110/><U94/><E102/><V97/><F97/><T61/><D61/><U89/><REACH who="1" step="1"/><E100/><REACH who="1" ten="322,450,268,0" step="2"/><V3/><F38/><T116/><D116/><U46/><E46/><V47/><F3/><T63/><D40/><U74/><E74/><V75/><F75/><T111/><D111/><U36/><E36/><V66/><F66/><T53/><D73/><U81/><E81/><V54/><F54/><T98/><D80/><U1/><E1/><V64/><F64/><T125/><D125/><U2/><E2/><V72/><F72/><T96/><D93/><U52/><E52/><V60/><F60/><T57/><AGARI ba="0,1" hai="42,44,51,53,57,63,88,92,96,98,99,132,133,134" m="31264" machi="57" ten="40,8000,1" yaku="0,1,20,1,52,1,54,1" doraHai="65" who="0" fromWho="0" sc="322,90,450,-40,268,-40,0,0" /><INIT seed="4,1,0,1,5,49" ten="412,410,228,0" oya="0" hai0="123,73,88,43,92,44,90,63,126,105,86,62,104" hai1="98,99,65,84,70,60,95,108,112,120,47,113,103" hai2="51,64,102,69,94,54,66,124,96,128,52,127,116" hai3=""/><T119/><N who="0" m="31520" /><T77/><D119/><U33/><N who="1" m="30752" /><U0/><E108/><V111/><F111/><T122/><N who="0" m="31264" /><T109/><D109/><U110/><E110/><V68/><F128/><T1/><D1/><U82/><E0/><V61/><F116/><T125/><D73/><U107/><E47/><V87/><F87/><T37/><D77/><U36/><E36/><V101/><F101/><T2/><D90/><U117/><E33/><V97/><F97/><T135/><D135/><U78/><REACH who="1" step="1"/><E117/><REACH who="1" ten="412,400,228,0" step="2"/><V133/><F133/><T59/><D2/><U46/><E46/><V48/><F124/><N who="0" m="47722" /><D62/><U91/><AGARI ba="1,1" hai="60,65,70,78,82,84,91,95,98,99,103,107,112,113" m="30752" machi="91" ten="30,3000,0" yaku="1,1,0,1,52,1,53,0" doraHai="49" doraHaiUra="132" who="1" fromWho="1" sc="412,-21,400,42,228,-11,0,0" /><INIT seed="5,0,0,2,2,72" ten="391,442,217,0" oya="1" hai0="69,133,123,3,35,96,129,115,53,76,68,2,119" hai1="32,78,125,50,124,126,110,75,63,65,102,64,42" hai2="127,79,59,112,74,48,82,111,55,94,57,89,38" hai3=""/><U130/><E32/><V58/><F38/><T90/><N who="0" m="31520" /><T83/><D35/><U1/><E1/><V113/><F111/><T39/><D39/><U80/><E110/><V81/><F81/><T121/><N who="0" m="31008" /><T43/><D43/><U71/><E130/><V45/><REACH who="2" step="1"/><F127/><REACH who="2" ten="391,442,207,0" step="2"/><T37/><D37/><U134/><E126/><V117/><F117/><T33/><D119/><U101/><E125/><V46/><F46/><T87/><D83/><U128/><E124/><V99/><AGARI ba="0,1" hai="45,48,55,57,58,59,74,79,82,89,94,99,112,113" machi="99" ten="30,3000,0" yaku="1,1,0,1,52,1,53,0" doraHai="72" doraHaiUra="135" who="2" fromWho="2" sc="391,-10,442,-20,207,40,0,0" /><INIT seed="6,0,0,1,1,67" ten="381,422,247,0" oya="2" hai0="89,58,64,120,50,56,36,112,68,92,108,52,34" hai1="42,86,98,109,102,80,93,61,72,116,110,73,105" hai2="132,84,128,62,2,33,44,129,135,51,87,53,103" hai3=""/><V48/><F33/><T100/><N who="0" m="30752" /><T90/><D108/><N who="1" m="41579" /><E61/><V127/><F2/><T40/><D34/><U38/><E42/><V95/><F103/><T118/><D118/><U47/><E47/><V70/><F95/><T111/><D111/><U134/><E38/><V60/><F127/><T104/><D112/><U97/><E134/><N who="2" m="51243" /><F51/><T55/><D104/><U43/><E43/><V71/><F62/><T76/><D100/><U59/><E116/><V65/><F71/><T75/><D92/><U35/><E35/><V94/><F94/><T32/><D32/><U88/><E59/><V1/><F1/><T37/><D68/><U114/><E114/><V107/><F107/><T41/><D37/><U83/><E80/><V39/><F39/><T91/><D36/><U99/><E99/><V46/><F46/><T57/><D57/><U77/><AGARI ba="0,0" hai="72,73,77,83,86,88,93,97,98,102,105" m="41579" machi="77" ten="30,3000,0" yaku="34,2,54,1" doraHai="67" who="1" fromWho="1" sc="381,-10,422,30,247,-20,0,0" owari="371,-3.0,452,40.0,227,-37.0,0,0.0" /></mjloggm>