<mjloggm ver="2.3"><GO type="169" lobby="0"/><UN n0="%E6%B2%99%E8%80%B6%E5%8A%A0%E4%BD%90%E5%80%89" n1="%E3%81%B2%E3%81%90%E3%81%A1" n2="%E6%B0%B4%E5%93%89%E3%81%AE%E3%83%AC%E3%82%B8%E3%82%A7%E3%83%B3%E3%83%89" n3="%E6%94%BE%E9%8A%83%E6%99%82%E8%A3%8F%E4%B9%97%E7%8E%87%E5%85%AD%E5%89%B2" dan="16,16,16,16" rate="2020.62,2082.19,2151.74,2091.82" sx="F,M,M,M"/><TAIKYOKU oya="0"/><INIT seed="0,0,0,1,0,130" ten="250,250,250,250" oya="0" hai0="28,29,74,23,2,90,88,1,36,85,19,118,62" hai1="77,10,14,104,119,113,16,65,34,124,75,106,66" hai2="31,127,55,131,11,70,0,126,24,9,100,53,43" hai3="86,134,64,27,7,22,63,18,40,82,26,92,30"/><T93/><D74/><U129/><E119/><V107/><F131/><W4/><G134/><T8/><D118/><U47/><E129/><V81/><F70/><W116/><G40/><T56/><D36/><U6/><E124/><N who="2" m="47659" /><F43/><W102/><G116/><T111/><D111/><U60/><E113/><V79/><F100/><W96/><G18/><T117/><D117/><U120/><E120/><V44/><F107/><W61/><G61/><T80/><D8/><N who="2" m="3146" /><F44/><W103/><G27/><N who="0" m="14847" /><D2/><U76/><E47/><V108/><F0/><W41/><G41/><T78/><D1/><U3/><E106/><V112/><F108/><W128/><G103/><T58/><D58/><U15/><E104/><V48/><F48/><W89/><REACH who="3" step="1"/><G128/><REACH who="3" ten="250,250,250,240" step="2"/><T35/><D35/><U17/><E34/><N who="2" m="20839" /><F112/><W132/><G132/><T109/><D109/><U32/><E32/><V45/><F45/><W69/><AGARI ba="0,1" hai="4,7,22,26,30,63,64,69,82,86,89,92,96,102" machi="69" ten="20,2700,0" yaku="1,1,0,1,7,1,53,0" doraHai="130" doraHaiUra="71" who="3" fromWho="3" sc="250,-13,250,-7,250,-7,240,37" /><INIT seed="1,0,0,3,4,18" ten="237,243,243,277" oya="1" hai0="48,32,131,14,101,26,58,73,109,4,0,87,69" hai1="62,95,24,34,79,39,36,126,128,88,59,110,83" hai2="86,103,106,92,60,7,96,44,35,66,99,15,67" hai3="8,75,76,98,27,2,20,10,16,85,56,71,115"/><U102/><E126/><V72/><F72/><W133/><G71/><T104/><D69/><U52/><E128/><V30/><F86/><W22/><G115/><T90/><D73/><U40/><E102/><V19/><F7/><W82/><G75/><T50/><D131/><U100/><E100/><V94/><F44/><W68/><G68/><T134/><D109/><U57/><E110/><V118/><F118/><W5/><G133/><T81/><D134/><U3/><E3/><V120/><F120/><W129/><G129/><T93/><D104/><U64/><E40/><V37/><F37/><W112/><G112/><T80/><D0/><U91/><E91/><V41/><F41/><W122/><G122/><T6/><D81/><U21/><E34/><V132/><F132/><W43/><G43/><T9/><D6/><U65/><E83/><V123/><F123/><W47/><G47/><T17/><D32/><U42/><E79/><V89/><F60/><W107/><G2/><T111/><D111/><U63/><E42/><V105/><F105/><W117/><G5/><T113/><D113/><U119/><E119/><V11/><F106/><W53/><G117/><T116/><D116/><U25/><E52/><V78/><F78/><W38/><G38/><T108/><D108/><U33/><E33/><V1/><F1/><W70/><G70/><T74/><D74/><U61/><E61/><V127/><F127/><W23/><G98/><N who="0" m="59599" /><D58/><U28/><E25/><V121/><F121/><W130/><G107/><T45/><D45/><U97/><AGARI ba="0,0" hai="21,24,28,36,39,57,59,62,63,64,65,88,95,97" machi="97" ten="20,12000,1" yaku="0,1,7,1,9,1,52,1,54,1" doraHai="18" who="1" fromWho="1" sc="237,-40,243,120,243,-40,277,-40" /><INIT seed="1,1,0,4,3,116" ten="197,363,203,237" oya="1" hai0="38,83,55,71,36,21,100,131,2,78,12,85,52" hai1="95,76,99,117,133,14,119,10,27,24,89,84,90" hai2="40,8,103,17,105,120,51,115,0,92,80,70,106" hai3="121,135,74,23,72,4,34,123,35,61,42,3,124"/><U33/><E133/><V67/><F115/><W127/><G42/><T5/><D2/><U134/><E134/><V9/><F70/><W47/><G47/><T109/><D71/><U108/><E108/><V60/><F80/><W130/><G135/><T79/><D109/><U63/><E76/><V113/><F113/><W73/><G23/><T54/><D131/><U125/><E125/><N who="3" m="48202" /><G61/><T96/><D79/><U53/><E33/><N who="3" m="12298" /><G130/><T64/><D64/><U114/><E114/><V20/><F20/><W44/><G44/><T57/><D57/><N who="1" m="35247" /><E119/><V94/><F60/><W16/><G16/><T122/><D122/><U19/><E117/><V11/><F17/><W81/><G81/><AGARI ba="1,0" hai="10,14,19,24,27,81,84,89,90,95,99" m="35247" machi="81" ten="30,1500,0" yaku="8,1" doraHai="116" who="1" fromWho="3" sc="197,0,363,18,203,0,237,-18" /><INIT seed="1,2,0,5,4,130" ten="197,381,203,219" oya="1" hai0="65,0,8,135,114,56,79,10,48,85,128,133,98" hai1="86,6,14,46,115,53,41,15,116,20,124,118,104" hai2="91,45,16,100,122,57,92,37,19,75,63,97,7" hai3="80,31,49,23,105,131,67,113,25,22,34,52,54"/><U103/><E115/><V99/><F122/><W3/><G131/><T42/><D128/><U28/><E104/><V27/><F75/><W125/><G105/><T71/><D114/><U76/><E103/><V74/><F74/><W44/><G113/><T88/><D71/><U4/><E53/><V58/><F7/><W78/><G125/><T36/><D36/><U1/><E86/><V62/><F37/><W83/><G3/><T90/><D0/><U73/><E124/><V51/><F57/><W72/><G67/><T93/><D79/><U50/><E76/><V94/><F27/><W102/><G102/><T18/><D18/><U68/><E73/><V127/><F62/><W101/><G101/><T106/><D106/><U108/><E68/><V61/><F61/><W40/><G83/><N who="0" m="49215" /><D65/><U77/><E77/><V134/><F134/><N who="0" m="51210" /><D56/><U38/><E38/><V126/><F126/><W70/><G70/><T47/><AGARI ba="2,0" hai="8,10,42,47,48,90,93,98" m="51210,49215" machi="47" ten="30,8000,1" yaku="20,1,52,3,54,1" doraHai="130" who="0" fromWho="0" sc="197,86,381,-42,203,-22,219,-22" /><INIT seed="2,0,0,1,3,92" ten="283,339,181,197" oya="2" hai0="119,56,95,29,6,13,65,72,117,116,27,96,112" hai1="111,73,36,74,38,61,99,34,91,76,130,68,47" hai2="93,42,18,107,40,127,66,41,5,49,120,44,131" hai3="54,7,30,87,22,129,84,67,101,86,124,52,1"/><V115/><F120/><W12/><G1/><T82/><D112/><U98/><E34/><V126/><F115/><W83/><G129/><T132/><D132/><U4/><E130/><V3/><F107/><W110/><G110/><T78/><D13/><U33/><E33/><V62/><F131/><W121/><G121/><T0/><D0/><U48/><E4/><V43/><F18/><N who="3" m="10567" /><G124/><T125/><D125/><N who="2" m="47626" /><F93/><W45/><G67/><T8/><D8/><U81/><E111/><V55/><F5/><W15/><G30/><T63/><D6/><U122/><E122/><V16/><F16/><W28/><G28/><T104/><D104/><U39/><E73/><V134/><N who="2" m="10240" /><DORA hai="106" /><V10/><F10/><N who="3" m="4575" /><G101/><N who="0" m="60575" /><D119/><U60/><E36/><V118/><F3/><W109/><G109/><T102/><D102/><U2/><E38/><V21/><F21/><AGARI ba="0,0" hai="21,27,29,56,63,65,72,78,82,116,117" m="60575" machi="21" ten="30,3900,0" yaku="25,1,52,2" doraHai="92,106" who="0" fromWho="2" sc="283,39,339,0,181,-39,197,0" /><INIT seed="3,0,0,2,0,110" ten="322,339,142,197" oya="3" hai0="3,113,82,94,85,112,78,21,109,26,126,72,90" hai1="63,79,42,8,69,19,43,68,95,134,102,132,88" hai2="66,5,117,106,108,44,51,127,105,2,1,45,61" hai3="111,22,104,133,116,41,11,10,130,29,84,98,74"/><W67/><G116/><T23/><D109/><U71/><E102/><V16/><F108/><W115/><G111/><T28/><D126/><U31/><E79/><V20/><F117/><W89/><G74/><T114/><D3/><U87/><E31/><V81/><F127/><W60/><G115/><T56/><D56/><U13/><REACH who="1" step="1"/><E63/><REACH who="1" ten="322,329,142,197" step="2"/><V15/><F105/><W52/><G104/><T6/><REACH who="0" step="1"/><D6/><REACH who="0" ten="312,329,142,197" step="2"/><U17/><E17/><V14/><F5/><W9/><G130/><T128/><D128/><U76/><E76/><V37/><F16/><W123/><G123/><T64/><D64/><U50/><E50/><V53/><F66/><W119/><G67/><T46/><D46/><U97/><E97/><V18/><F51/><W49/><G98/><T70/><D70/><U73/><E73/><V54/><F45/><W122/><G122/><T120/><D120/><U58/><E58/><V65/><F44/><W92/><G119/><T25/><D25/><U80/><E80/><V86/><F81/><W32/><G49/><T55/><D55/><U107/><E107/><V121/><F106/><W0/><G52/><T38/><D38/><U129/><E129/><V4/><F37/><W125/><G125/><T91/><D91/><U59/><E59/><V27/><F121/><W48/><G89/><T93/><D93/><U83/><E83/><V47/><F47/><W101/><G92/><T36/><D36/><U30/><E30/><V24/><F65/><W75/><G29/><T99/><D99/><U57/><E57/><V77/><F54/><W35/><G48/><T96/><D96/><RYUUKYOKU ba="0,2" sc="312,15,329,15,142,-15,197,-15" hai0="21,23,26,28,72,78,82,85,90,94,112,113,114" hai1="8,13,19,42,43,68,69,71,87,88,95,132,134" /><INIT seed="4,1,2,5,2,10" ten="327,344,127,182" oya="0" hai0="111,78,119,64,0,8,29,41,123,24,70,133,101" hai1="57,90,43,112,104,19,118,3,80,14,22,87,31" hai2="71,36,21,69,62,114,66,15,131,124,12,99,82" hai3="93,35,67,55,48,134,49,75,106,37,53,68,128"/><T125/><D119/><U96/><E118/><V63/><F36/><W100/><G37/><T95/><D123/><U103/><E3/><V39/><F39/><W59/><G35/><T30/><D78/><U1/><E1/><V27/><F114/><W33/><G33/><T97/><D133/><U107/><E112/><V54/><F131/><W34/><G34/><T116/><D116/><U26/><E43/><V84/><F124/><W65/><G75/><T7/><D125/><U79/><E57/><V45/><F99/><W42/><G106/><T113/><D113/><U135/><E135/><V72/><F72/><W28/><G28/><T16/><D111/><U88/><REACH who="1" step="1"/><E107/><REACH who="1" ten="327,334,127,182" step="2"/><V56/><F69/><W89/><G68/><T102/><D41/><U38/><E38/><V115/><F115/><W46/><G134/><T121/><D121/><U77/><E77/><V23/><F45/><W117/><G117/><T110/><D110/><U73/><E73/><V6/><F6/><W126/><G42/><T60/><D102/><U17/><E17/><V47/><F47/><W98/><G126/><T50/><D0/><U76/><E76/><V83/><F71/><W94/><REACH who="3" step="1"/><G128/><REACH who="3" ten="327,334,127,172" step="2"/><T92/><D29/><U5/><E5/><V105/><F105/><W120/><G120/><T108/><D30/><U86/><E86/><AGARI ba="1,4" hai="46,48,49,53,55,59,65,67,86,89,93,94,98,100" machi="86" ten="30,7700,0" yaku="1,1,7,1,8,1,53,1" doraHai="10" doraHaiUra="52" who="3" fromWho="1" sc="327,0,334,-80,127,0,172,120" /><INIT seed="5,0,0,0,5,37" ten="327,254,127,292" oya="1" hai0="122,25,104,20,28,98,68,13,126,42,116,109,110" hai1="103,134,50,79,125,76,62,30,69,93,112,56,97" hai2="64,4,108,135,40,39,31,127,7,102,60,81,82" hai3="118,46,91,111,75,115,57,34,44,67,18,123,38"/><U10/><E112/><V23/><F108/><W48/><G111/><T52/><D116/><U101/><E134/><V107/><F135/><W133/><G34/><T113/><D113/><U2/><E125/><V36/><F127/><W131/><G75/><T129/><D126/><U9/><E101/><V12/><F107/><W41/><G18/><T15/><D129/><U49/><E69/><V21/><F102/><W65/><G91/><T83/><D68/><U99/><E99/><V8/><F31/><W85/><G85/><T90/><D122/><U6/><E10/><V19/><F19/><W71/><G115/><T89/><D42/><U45/><E30/><V1/><F1/><W92/><G92/><T124/><D124/><U33/><E33/><V96/><F96/><W16/><G16/><T120/><D120/><U66/><REACH who="1" step="1"/><E50/><REACH who="1" ten="327,244,127,292" step="2"/><V27/><F8/><W29/><G29/><T74/><D98/><U24/><E24/><V105/><F27/><W132/><G123/><T35/><D35/><U47/><E47/><V121/><F121/><W5/><G46/><T22/><D28/><U106/><E106/><V94/><F105/><W63/><G133/><T55/><D25/><U117/><E117/><V78/><F36/><W70/><G132/><T26/><D104/><U114/><E114/><V43/><F39/><W128/><G118/><T51/><D26/><U100/><E100/><V87/><F23/><W17/><G71/><T54/><D20/><U0/><E0/><V130/><F21/><W61/><G70/><T11/><D22/><U53/><AGARI ba="0,1" hai="2,6,9,45,49,53,56,62,66,76,79,93,97,103" machi="53" ten="20,3900,0" yaku="1,1,0,1,7,1,53,0" doraHai="37" doraHaiUra="14" who="1" fromWho="1" sc="327,-13,244,49,127,-13,292,-13" /><INIT seed="5,1,0,3,3,100" ten="314,293,114,279" oya="1" hai0="94,59,108,30,50,46,95,96,22,72,102,36,62" hai1="97,29,122,98,83,80,54,32,1,87,114,69,49" hai2="71,67,17,0,23,15,8,11,132,60,82,77,79" hai3="73,40,112,127,113,81,9,56,104,63,128,103,55"/><U10/><E122/><V42/><F132/><W13/><G128/><T28/><D72/><U26/><E69/><V45/><F0/><W38/><G127/><T109/><D36/><U118/><E118/><V90/><F90/><W89/><G40/><T3/><D3/><U99/><E114/><N who="3" m="44138" /><G38/><T57/><D95/><U51/><E83/><V117/><F117/><W12/><G89/><T16/><D109/><U134/><E134/><V5/><F5/><W14/><G103/><T24/><D108/><U7/><REACH who="1" step="1"/><E54/><REACH who="1" ten="314,283,114,279" step="2"/><V75/><REACH who="2" step="1"/><F79/><AGARI ba="1,1" hai="1,7,10,26,29,32,49,51,79,80,87,97,98,99" machi="79" ten="40,3900,0" yaku="1,1,2,1,53,0" doraHai="100" doraHaiUra="68" who="1" fromWho="2" sc="314,0,283,52,114,-42,279,0" /><INIT seed="5,2,0,2,0,17" ten="314,335,72,279" oya="1" hai0="13,110,74,125,77,64,60,115,18,63,78,88,11" hai1="8,0,25,21,15,66,100,67,59,36,48,112,27" hai2="106,79,86,108,42,30,107,123,1,129,111,56,72" hai3="73,70,33,20,117,118,51,116,114,55,87,121,54"/><U58/><E36/><V75/><F1/><W122/><G73/><N who="2" m="28233" /><F30/><W92/><G33/><T9/><D110/><N who="2" m="42026" /><F42/><W39/><G92/><T82/><D125/><U40/><E0/><V131/><F56/><W23/><G87/><T128/><D128/><N who="2" m="49226" /><F123/><N who="3" m="47115" /><G39/><T68/><D115/><U10/><E112/><V43/><F43/><W105/><G105/><N who="2" m="39945" /><F86/><W22/><G70/><T46/><D46/><U94/><E40/><V3/><F3/><W101/><G114/><T61/><D9/><U14/><E48/><V96/><F96/><W102/><G54/><T93/><D77/><AGARI ba="2,0" hai="77,79" m="39945,49226,42026,28233" machi="77" ten="40,8000,1" yaku="28,2,19,1,34,2" doraHai="17" who="2" fromWho="0" sc="314,-86,335,0,72,86,279,0" /><INIT seed="6,0,0,5,3,88" ten="228,335,158,279" oya="2" hai0="81,9,95,119,49,98,100,13,24,51,44,38,131" hai1="103,83,72,28,105,113,85,75,59,92,63,90,91" hai2="93,86,11,0,99,132,10,3,118,61,102,57,116" hai3="43,79,47,78,127,80,125,66,7,45,111,27,129"/><V55/><F132/><W65/><G111/><T31/><D119/><U89/><E113/><V117/><REACH who="2" step="1"/><F86/><REACH who="2" ten="228,335,148,279" step="2"/><W37/><G127/><T114/><D114/><U84/><E75/><V53/><F53/><W69/><G125/><T82/><D131/><U70/><E72/><V56/><F56/><W36/><G129/><T34/><D38/><U101/><E70/><V67/><F67/><W29/><G69/><T71/><D71/><U54/><E85/><V112/><F112/><W12/><G66/><T23/><D34/><U106/><E54/><V17/><F17/><W128/><G65/><T130/><D130/><U134/><E134/><V4/><F4/><W121/><G128/><T18/><D51/><U126/><E59/><V109/><F109/><W74/><G37/><T40/><AGARI ba="0,1" hai="9,13,18,23,24,31,40,44,49,81,82,95,98,100" machi="40" ten="20,5200,0" yaku="0,1,7,1,8,1,52,1" doraHai="88" who="0" fromWho="0" sc="228,62,335,-13,148,-26,279,-13" /><INIT seed="7,0,0,4,2,33" ten="290,322,122,266" oya="3" hai0="41,62,17,119,4,30,87,28,98,126,43,56,114" hai1="46,75,50,58,19,133,88,14,36,95,6,24,94" hai2="25,72,100,105,90,84,49,13,111,118,122,52,120" hai3="51,113,99,132,97,103,9,11,12,77,67,31,18"/><W83/><G113/><T108/><D114/><U134/><E75/><V64/><F111/><W79/><G132/><N who="1" m="50794" /><E6/><V34/><F118/><W37/><G37/><T70/><D119/><U32/><E36/><V96/><F64/><W63/><G31/><T29/><D108/><U115/><E58/><V54/><F34/><W102/><G51/><T135/><D70/><U85/><E32/><V110/><F110/><W22/><G99/><T55/><D135/><U131/><E24/><V104/><F25/><W128/><G128/><T53/><D126/><U106/><E106/><V123/><F72/><W74/><G79/><T20/><D4/><U21/><E115/><V78/><F78/><W40/><G40/><T27/><D87/><U89/><E131/><V81/><F104/><W16/><G18/><T76/><D76/><U66/><E66/><V65/><F65/><W129/><G129/><T3/><D3/><U93/><E89/><V1/><F13/><W2/><G2/><T82/><D82/><U38/><E38/><V73/><F73/><W117/><G117/><T86/><D86/><U121/><E121/><V71/><F71/><W47/><G47/><T91/><D55/><AGARI ba="0,0" hai="14,19,21,46,50,55,85,88,93,94,95" m="50794" machi="55" ten="30,2000,0" yaku="20,1,54,1" doraHai="33" who="1" fromWho="0" sc="290,-20,322,20,122,0,266,0" owari="270,7.0,342,44.0,122,-38.0,266,-13.0" /></mjloggm>