<mjloggm ver="2.3"><GO type="169" lobby="0"/><UN n0="%6D%69%6E%64%6D%61%70" n1="%6B%69%79%6F%6E%61%72%69" n2="%E5%A4%A9%E9%BC%93" n3="%E3%81%B5%E3%81%BF%4B%55%4E" dan="16,16,18,16" rate="2105.72,2077.60,2234.61,2086.57" sx="M,M,M,M"/><TAIKYOKU oya="0"/><INIT seed="0,0,0,1,2,0" ten="250,250,250,250" oya="0" hai0="65,88,30,74,92,53,20,6,84,2,43,104,31" hai1="66,45,7,112,125,1,10,78,9,47,21,12,64" hai2="60,77,14,123,51,69,4,109,107,67,44,36,62" hai3="16,90,99,63,55,26,61,133,18,79,49,58,3"/><T106/><D74/><U83/><E125/><V42/><F107/><W11/><G133/><T118/><D118/><U95/><E112/><V132/><F132/><W96/><G79/><T119/><D119/><U8/><E21/><V73/><F123/><W81/><G96/><T97/><D43/><U54/><E9/><V38/><F109/><W135/><G135/><T122/><D122/><U46/><E54/><V40/><F77/><W75/><G75/><T100/><D65/><U70/><E95/><V15/><F73/><W85/><G99/><T32/><D32/><U103/><E103/><V117/><F117/><W127/><G127/><T39/><D39/><N who="2" m="14890" /><F15/><W28/><G61/><T71/><D71/><U121/><E121/><V108/><F14/><W33/><REACH who="3" step="1"/><G63/><REACH who="3" ten="250,250,250,240" step="2"/><T5/><D106/><U114/><E114/><V129/><F62/><W76/><G76/><T27/><D2/><U50/><E70/><V23/><F60/><W41/><G41/><T72/><D72/><U56/><E66/><V111/><F40/><W22/><G22/><T110/><D110/><U37/><E64/><V130/><F67/><W17/><G17/><T94/><D104/><U105/><E105/><V89/><F23/><W113/><G113/><T86/><D31/><U35/><E1/><V57/><F69/><W115/><G115/><T48/><REACH who="0" step="1"/><D86/><REACH who="0" ten="240,250,250,240" step="2"/><U82/><E35/><V116/><F111/><W52/><G52/><T101/><D101/><U24/><E37/><V68/><F108/><W13/><G13/><T120/><D120/><U126/><E12/><V80/><F116/><W91/><G91/><RYUUKYOKU ba="0,2" sc="240,15,250,-15,250,-15,240,15" hai0="5,6,20,27,30,48,53,84,88,92,94,97,100" hai3="3,11,16,18,26,28,33,49,55,58,81,85,90" /><INIT seed="0,1,2,4,3,21" ten="255,235,235,255" oya="0" hai0="104,87,15,74,26,89,6,135,134,114,53,129,82" hai1="115,61,112,42,122,0,2,66,30,64,41,62,46" hai2="51,34,4,56,77,20,93,63,52,118,60,133,128" hai3="14,49,5,27,108,92,50,32,55,13,130,16,3"/><T123/><D114/><N who="1" m="43563" /><E122/><V76/><F34/><W86/><G108/><T23/><D123/><U113/><E30/><V69/><F133/><N who="0" m="50698" /><D104/><U126/><E113/><V68/><F128/><W9/><G130/><T110/><D129/><U33/><E33/><V107/><F107/><W83/><G92/><T48/><D110/><U132/><E132/><V88/><F118/><W7/><G7/><T73/><D15/><U99/><E99/><N who="2" m="57767" /><F68/><W35/><G35/><T22/><D6/><U120/><E120/><V18/><F69/><W117/><G117/><T45/><D22/><U95/><E95/><V85/><F4/><W75/><G75/><T25/><D23/><U91/><E91/><V116/><F116/><W125/><G125/><T103/><D103/><U100/><E100/><V1/><F1/><N who="1" m="617" /><E126/><V36/><F36/><W24/><G32/><T96/><D96/><U40/><E46/><V39/><F39/><W80/><G80/><N who="0" m="49383" /><D73/><U90/><E90/><V19/><F19/><W12/><G3/><T28/><D28/><U94/><E94/><V121/><F121/><W98/><G98/><T101/><D101/><U10/><E10/><V106/><F106/><W8/><G13/><T47/><D45/><U81/><E81/><N who="2" m="47271" /><F77/><AGARI ba="1,2" hai="25,26,47,48,53,74,77,82" m="49383,50698" machi="77" ten="30,5800,0" yaku="20,1,52,2" doraHai="21" who="0" fromWho="2" sc="255,81,235,0,235,-61,255,0" /><INIT seed="0,2,0,1,3,69" ten="336,235,174,255" oya="0" hai0="89,88,36,93,84,80,18,47,40,106,102,73,112" hai1="97,17,4,100,41,119,5,128,55,66,108,28,57" hai2="30,105,14,117,110,34,25,99,54,0,21,35,101" hai3="33,107,109,96,29,133,39,85,12,49,37,51,113"/><T103/><D112/><U27/><E119/><V92/><F117/><W56/><G109/><T118/><D118/><U126/><E108/><V2/><F110/><W45/><G113/><T86/><D106/><U129/><E66/><V48/><F105/><W122/><G133/><T62/><D73/><U77/><E77/><V44/><REACH who="2" step="1"/><F14/><REACH who="2" ten="336,235,164,255" step="2"/><W42/><G122/><T67/><REACH who="0" step="1"/><D18/><REACH who="0" ten="326,235,164,255" step="2"/><U26/><E17/><V23/><F23/><W53/><G33/><AGARI ba="2,2" hai="0,2,21,25,30,33,34,35,44,48,54,92,99,101" machi="33" ten="40,2600,0" yaku="1,1,53,1" doraHai="69" doraHaiUra="22" who="2" fromWho="3" sc="326,0,235,0,164,52,255,-32" /><INIT seed="1,0,0,1,2,104" ten="326,235,216,223" oya="1" hai0="113,29,72,129,53,108,119,59,24,88,50,91,7" hai1="35,9,31,45,69,23,15,62,10,103,14,18,74" hai2="128,105,109,46,20,99,100,60,33,61,84,40,126" hai3="17,54,92,70,118,22,47,107,30,90,75,83,67"/><U77/><E103/><V79/><F33/><W63/><G107/><T44/><D113/><U64/><E45/><V97/><F109/><W110/><G110/><T130/><D108/><U0/><E0/><V73/><F128/><N who="0" m="49258" /><D119/><U116/><E116/><V117/><F117/><W42/><G30/><T12/><D72/><U121/><E121/><V4/><F126/><W16/><G54/><N who="0" m="30023" /><D7/><U5/><E35/><V115/><F84/><W95/><G118/><T37/><D12/><U26/><REACH who="1" step="1"/><E74/><REACH who="1" ten="326,225,216,223" step="2"/><V112/><F46/><W111/><G111/><T41/><D37/><U34/><E34/><V135/><F73/><W1/><G1/><T101/><D101/><U36/><E36/><V134/><F100/><W19/><G22/><N who="0" m="15511" /><D41/><U68/><E68/><V80/><F40/><W71/><G71/><T55/><D55/><U28/><E28/><V78/><F20/><W6/><G75/><T98/><D53/><U125/><E125/><V94/><F105/><W76/><G42/><T49/><D59/><U39/><E39/><V3/><F3/><W8/><G47/><T11/><D49/><U123/><E123/><V86/><F112/><W85/><G8/><T57/><D11/><U43/><E43/><V65/><F115/><W52/><G70/><T32/><D32/><U58/><E58/><V51/><F51/><W38/><G38/><T93/><D57/><U21/><E21/><V124/><F124/><W127/><G127/><T114/><D114/><U106/><E106/><V81/><F61/><W122/><G122/><T133/><D133/><N who="2" m="50698" /><F60/><W132/><G132/><T87/><D87/><RYUUKYOKU ba="0,1" sc="326,15,225,15,216,-15,223,-15" hai0="88,91,93,98" hai1="5,9,10,14,15,18,23,26,31,62,64,69,77" /><INIT seed="1,1,1,3,2,77" ten="341,240,201,208" oya="1" hai0="124,74,21,67,135,1,40,53,26,4,91,73,105" hai1="96,43,134,7,87,107,101,52,94,6,79,30,118" hai2="90,22,2,100,133,132,13,57,23,16,32,76,111" hai3="46,34,88,113,98,58,48,29,86,80,19,71,83"/><U129/><E118/><V0/><F32/><W119/><G71/><T47/><D105/><U95/><E43/><V117/><F117/><W8/><G119/><T64/><D53/><U38/><E38/><V120/><F120/><W109/><G113/><T35/><D35/><U56/><E30/><V11/><F100/><W54/><G109/><T92/><D135/><N who="2" m="51786" /><F111/><W116/><G116/><T31/><D124/><U3/><E134/><V33/><F76/><W14/><G98/><T63/><D4/><U102/><E129/><V93/><F57/><W17/><G17/><T70/><D64/><U121/><E121/><V65/><F65/><W12/><G12/><T66/><D67/><U114/><E114/><V85/><F33/><W41/><G29/><T110/><D1/><AGARI ba="1,1" hai="0,1,2,11,13,16,22,23,85,90,93" m="51786" machi="1" ten="30,2000,0" yaku="20,1,54,1" doraHai="77" who="2" fromWho="0" sc="341,-23,240,0,201,33,208,0" /><INIT seed="2,0,0,4,2,135" ten="318,240,234,208" oya="2" hai0="31,111,97,66,51,80,8,48,26,71,109,9,32" hai1="123,103,50,102,61,125,15,114,13,128,112,85,83" hai2="45,92,12,79,44,29,14,130,106,11,43,62,91" hai3="116,0,39,33,63,100,65,76,107,22,101,113,40"/><V68/><F106/><W55/><G33/><T57/><D71/><U90/><E128/><V110/><F130/><W88/><G116/><T132/><D132/><U18/><E123/><V77/><F110/><N who="0" m="41994" /><D97/><U118/><E118/><V84/><F29/><W36/><G76/><T19/><D80/><U16/><E50/><N who="0" m="18985" /><D19/><U86/><E83/><V64/><F14/><W28/><G55/><T129/><D129/><U69/><E69/><V134/><F134/><W37/><G0/><T122/><D122/><U120/><E61/><AGARI ba="0,0" hai="8,9,26,31,32,57,61,66" m="18985,41994" machi="61" ten="30,1000,0" yaku="14,1" doraHai="135" who="0" fromWho="1" sc="318,10,240,-10,234,0,208,0" /><INIT seed="3,0,0,1,4,5" ten="328,230,234,208" oya="3" hai0="7,49,131,4,86,57,114,9,91,128,56,117,0" hai1="22,60,111,18,135,11,92,83,100,59,26,108,31" hai2="55,64,113,90,28,48,69,21,82,2,124,40,134" hai3="112,13,44,1,119,93,10,67,19,37,50,66,61"/><W12/><G112/><T106/><D117/><U98/><E135/><V41/><F113/><W115/><G115/><T3/><D114/><U78/><E18/><V23/><F124/><W74/><G1/><T14/><D106/><U17/><E17/><V54/><F134/><W80/><G37/><T77/><D77/><U8/><E111/><V33/><F33/><W72/><G67/><T88/><D14/><U39/><E39/><V116/><F116/><W89/><G80/><T129/><D49/><U81/><E108/><V122/><F2/><W132/><G13/><T75/><D75/><U25/><E25/><V29/><F69/><W105/><G105/><T32/><D32/><U71/><E71/><V97/><F64/><W43/><G119/><T15/><D91/><U76/><E83/><V133/><F122/><W130/><G130/><T68/><D68/><U84/><E78/><V45/><F41/><W104/><G104/><T120/><D120/><U79/><E79/><V110/><F133/><W70/><REACH who="3" step="1"/><G132/><REACH who="3" ten="328,230,234,198" step="2"/><T87/><D0/><U52/><AGARI ba="0,1" hai="8,11,22,26,31,52,59,60,76,81,84,92,98,100" machi="52" ten="20,12000,2" yaku="0,1,7,1,8,1,52,2,54,1" doraHai="5" who="1" fromWho="1" sc="328,-30,230,130,234,-30,198,-60" /><INIT seed="4,0,0,2,1,12" ten="298,360,204,138" oya="0" hai0="56,117,129,69,33,101,102,84,124,51,27,114,52" hai1="46,89,88,13,43,95,57,7,79,63,112,82,99" hai2="22,1,92,42,104,66,106,37,28,20,49,60,58" hai3="54,8,135,0,35,77,55,122,38,133,115,5,119"/><T45/><D117/><U9/><E112/><V72/><F1/><W118/><G38/><T31/><D69/><U6/><E89/><V26/><F37/><W97/><G77/><T2/><D114/><U59/><E7/><V23/><F72/><W120/><G115/><T105/><D2/><U125/><E63/><V50/><F106/><W85/><G85/><T18/><D124/><U14/><E14/><V62/><F104/><W107/><G35/><T75/><D75/><U131/><E131/><V94/><F62/><W44/><G44/><T86/><D129/><U11/><E11/><V87/><F94/><W68/><G68/><T48/><D18/><U110/><E110/><V103/><F87/><W109/><G54/><T19/><D19/><U113/><E113/><V100/><F100/><N who="3" m="62863" /><G55/><T36/><D36/><U17/><E6/><V32/><REACH who="2" step="1"/><F42/><REACH who="2" ten="298,360,194,138" step="2"/><W83/><G109/><T39/><D39/><U74/><E125/><V47/><F47/><W132/><G83/><T10/><D102/><U123/><E123/><AGARI ba="0,1" hai="0,5,8,118,119,120,122,123,132,133,135" m="62863" machi="123" ten="40,5200,0" yaku="13,1,20,1,23,1" doraHai="12" who="3" fromWho="1" sc="298,0,360,-52,194,0,138,62" /><INIT seed="5,0,0,2,5,112" ten="298,308,194,200" oya="1" hai0="2,100,76,34,124,80,23,120,14,15,52,99,94" hai1="101,95,69,3,31,102,32,73,125,81,88,74,72" hai2="46,45,35,4,131,98,16,104,51,121,90,53,87" hai3="56,119,82,132,28,33,54,65,111,70,75,47,19"/><U61/><E3/><V128/><F121/><W38/><G111/><T29/><D120/><U126/><E32/><V63/><F35/><W130/><G130/><N who="2" m="49705" /><F4/><W0/><G0/><T135/><D2/><U25/><E69/><V109/><F109/><W26/><G132/><T37/><D37/><U118/><E61/><V12/><F63/><W85/><G75/><T113/><D113/><U66/><E66/><V115/><F115/><W92/><G92/><T55/><D34/><U89/><E25/><V62/><F62/><W105/><G105/><T123/><D124/><N who="1" m="47723" /><E31/><V6/><F6/><W83/><G70/><T57/><D135/><U43/><E43/><V49/><F98/><W68/><G68/><T96/><D99/><N who="1" m="57839" /><E118/><V127/><F104/><W27/><G119/><T129/><D129/><U84/><AGARI ba="0,0" hai="72,73,74,81,84,88,101,102" m="57839,47723" machi="84" ten="40,12000,1" yaku="18,1,34,2,54,1" doraHai="112" who="1" fromWho="1" sc="298,-40,308,120,194,-40,200,-40" /><INIT seed="5,1,0,4,4,45" ten="258,428,154,160" oya="1" hai0="119,51,71,41,130,76,79,135,54,88,10,128,22" hai1="127,68,43,85,30,13,52,19,111,60,81,42,133" hai2="61,86,75,82,70,123,91,59,117,87,15,29,80" hai3="3,40,25,67,107,63,108,37,125,12,62,56,24"/><U112/><E30/><V28/><F117/><W124/><G108/><T55/><D119/><U2/><E2/><V64/><F123/><W110/><G3/><T118/><D118/><U14/><E111/><V53/><F75/><W120/><G110/><T89/><D71/><U103/><E103/><V74/><F15/><W27/><G107/><T58/><D135/><U129/><E133/><V96/><F96/><W101/><G101/><T115/><D41/><U95/><E95/><V134/><F74/><W102/><G102/><T84/><D115/><U36/><E36/><V73/><F73/><W44/><G120/><T32/><D32/><U49/><E112/><V57/><F134/><W6/><G63/><N who="0" m="36311" /><D22/><U20/><E129/><N who="0" m="49769" /><D10/><U11/><E60/><N who="2" m="37919" /><F70/><W97/><G97/><T90/><D84/><U106/><E106/><V113/><F113/><W98/><G98/><T8/><D8/><U33/><E33/><V131/><F131/><W94/><G94/><T35/><D35/><U17/><E68/><V66/><F66/><W77/><G77/><AGARI ba="1,0" hai="28,29,53,57,61,77,80,82,86,87,91" m="37919" machi="77" ten="30,1000,0" yaku="8,1" doraHai="45" who="2" fromWho="3" sc="258,0,428,0,154,13,160,-13" /><INIT seed="6,0,0,5,2,64" ten="258,428,167,147" oya="2" hai0="110,47,85,14,80,28,60,29,131,128,134,120,125" hai1="11,111,32,22,30,81,49,48,67,31,90,16,91" hai2="82,69,39,72,20,57,135,83,45,23,41,105,74" hai3="56,15,101,95,79,88,53,75,93,26,52,66,12"/><V127/><F105/><W21/><G75/><T98/><D110/><U18/><E11/><V55/><F127/><W68/><G79/><T102/><D125/><U46/><E67/><V17/><F135/><W61/><G101/><T54/><D134/><U94/><E32/><V35/><F35/><W92/><G53/><T97/><D120/><U129/><E22/><V65/><F20/><W96/><G15/><T63/><D14/><U87/><E94/><V42/><F42/><W25/><G12/><T24/><D47/><U126/><E87/><V10/><F10/><W5/><G5/><T117/><D54/><U122/><E46/><V71/><F65/><W116/><G116/><T40/><D40/><U58/><E81/><V43/><F43/><W86/><G25/><T84/><D80/><U100/><E100/><V109/><F109/><W124/><G124/><T6/><D102/><U108/><E126/><V104/><F104/><W73/><G73/><T119/><D24/><U133/><E133/><V114/><F72/><W62/><G86/><T121/><D121/><U99/><E99/><V76/><F83/><W8/><G8/><T33/><D33/><U13/><E13/><N who="2" m="9647" /><F114/><W0/><G0/><T59/><D6/><U50/><E122/><V89/><F89/><W77/><G77/><T115/><D115/><U113/><E113/><V7/><F7/><W44/><G44/><T4/><D4/><U37/><E91/><V3/><F3/><W51/><G51/><T36/><D36/><U118/><E90/><V106/><F106/><W132/><G132/><T123/><D123/><RYUUKYOKU ba="0,0" sc="258,10,428,-30,167,10,147,10" hai0="28,29,59,60,63,84,85,97,98,117,119,128,131" hai2="39,41,45,55,57,69,71,74,76,82" hai3="21,26,52,56,61,62,66,68,88,92,93,95,96" /><INIT seed="6,1,0,1,5,62" ten="268,398,177,157" oya="2" hai0="27,77,106,67,26,63,133,76,92,74,30,42,3" hai1="58,94,64,122,55,65,49,5,59,51,119,40,88" hai2="107,121,36,24,66,54,73,82,131,18,52,79,115" hai3="70,23,28,7,111,17,91,57,85,9,0,22,98"/><V38/><F121/><W102/><G111/><T15/><D3/><U6/><E119/><V44/><F107/><W103/><G70/><T105/><D42/><U39/><E39/><V135/><F115/><W97/><G28/><T96/><D133/><U72/><E72/><V10/><F131/><W12/><G23/><T110/><D110/><U90/><E122/><V35/><F135/><W53/><G102/><T83/><D15/><U100/><E100/><V114/><F114/><W86/><G86/><T108/><D76/><U113/><E40/><V2/><F66/><N who="1" m="25705" /><E90/><V21/><F35/><W120/><G103/><T109/><D105/><U47/><E113/><V61/><F61/><W14/><G0/><T46/><D63/><U117/><E117/><V19/><F19/><W81/><REACH who="3" step="1"/><G120/><REACH who="3" ten="268,398,177,147" step="2"/><T129/><D30/><U104/><E104/><V128/><F128/><W132/><G132/><T101/><D106/><U68/><E68/><V33/><F33/><W78/><G78/><T84/><D77/><U13/><E94/><V4/><F36/><W32/><G32/><T31/><D92/><U41/><E88/><V56/><F56/><W123/><G123/><T25/><D129/><U37/><E59/><V48/><F38/><W50/><AGARI ba="1,1" hai="7,9,12,14,17,22,50,53,57,81,85,91,97,98" machi="50" ten="20,5200,0" yaku="1,1,0,1,7,1,8,1,53,0" doraHai="62" doraHaiUra="126" who="3" fromWho="3" sc="268,-14,398,-14,177,-27,147,65" /><INIT seed="7,0,0,5,5,85" ten="254,384,150,212" oya="3" hai0="80,47,0,97,38,109,118,1,88,30,31,90,14" hai1="87,50,13,23,53,96,135,21,114,108,123,43,7" hai2="44,15,111,34,71,132,102,32,128,16,11,5,112" hai3="125,76,46,115,4,69,120,33,57,59,91,37,78"/><W10/><G120/><T89/><D109/><U107/><E108/><V113/><F111/><W93/><G69/><T104/><D118/><U122/><E43/><V106/><F71/><W95/><G33/><N who="2" m="12905" /><F44/><W24/><G24/><T42/><D80/><U39/><E23/><N who="2" m="11679" /><F102/><W66/><G93/><T129/><D129/><U84/><E7/><V133/><F106/><W126/><G115/><N who="2" m="44105" /><F128/><W22/><G37/><T83/><D83/><U131/><E13/><AGARI ba="0,0" hai="5,11,13,132,133" m="44105,11679,12905" machi="13" ten="30,7700,0" yaku="15,1,34,2,54,1" doraHai="85" who="2" fromWho="1" sc="254,0,384,-77,150,77,212,0" owari="254,5.0,307,41.0,227,-17.0,212,-29.0" /></mjloggm>