<mjloggm ver="2.3"><GO type="185" lobby="0"/><UN n0="%72%61%74%65%72%61%74%65" n1="%E5%8C%97%E5%B2%A1%E3%81%BE%E3%81%A4%E3%81%9F%E3%81%91" n2="%E3%82%B2%E3%83%B3%E3%82%BA" n3="" dan="16,16,16,0" rate="2186.86,2259.98,2073.64,1500.00" sx="F,F,M,C"/><TAIKYOKU oya="0"/><INIT seed="0,0,0,1,0,44" ten="350,350,350,0" oya="0" hai0="76,113,86,56,79,58,42,36,62,47,92,135,97" hai1="108,102,107,77,115,35,70,134,32,0,71,111,87" hai2="64,38,100,80,122,82,81,48,118,39,54,95,63" hai3=""/><T126/><D113/><U128/><E77/><V84/><N who="2" m="31264" /><V45/><F118/><T66/><D135/><U41/><E87/><V127/><F127/><T132/><D132/><U75/><E102/><V60/><F60/><T37/><D126/><U69/><E41/><V99/><REACH who="2" step="1"/><F84/><REACH who="2" ten="350,350,340,0" step="2"/><T91/><D36/><U1/><E134/><V117/><F117/><T90/><REACH who="0" step="1"/><D58/><AGARI ba="0,1" hai="38,39,45,48,54,58,63,64,80,81,82,95,99,100" m="31264" machi="58" ten="40,5200,0" yaku="1,1,52,2,53,0" doraHai="44" doraHaiUra="121" who="2" fromWho="0" sc="350,-52,350,0,340,62,0,0" /><INIT seed="1,0,0,4,3,51" ten="298,350,402,0" oya="1" hai0="117,62,107,73,52,79,85,133,108,44,99,54,53" hai1="82,46,39,97,96,131,74,105,100,87,45,91,122" hai2="32,104,50,61,130,112,2,65,47,67,109,132,86" hai3=""/><U98/><N who="1" m="31264" /><U60/><E131/><V94/><F32/><T66/><D108/><U33/><E33/><V88/><F2/><T38/><D133/><U43/><E74/><V81/><F109/><T57/><D117/><U128/><E128/><V35/><F35/><T76/><D73/><U129/><E129/><V126/><F130/><T134/><D134/><U113/><E113/><V34/><F34/><T36/><D36/><U75/><E75/><V55/><F132/><T123/><N who="0" m="31520" /><T42/><REACH who="0" step="1"/><D85/><REACH who="0" ten="288,350,402,0" step="2"/><U49/><REACH who="1" step="1"/><E60/><REACH who="1" ten="288,340,402,0" step="2"/><V41/><F112/><T101/><AGARI ba="0,2" hai="38,42,44,52,53,54,57,62,66,76,79,99,101,107" m="31520" machi="101" ten="30,12000,3" yaku="1,1,2,1,0,1,52,4,54,1,53,0" doraHai="51" doraHaiUra="89" who="0" fromWho="0" sc="288,140,340,-80,402,-40,0,0" /><INIT seed="2,0,0,3,2,106" ten="428,260,362,0" oya="2" hai0="66,41,47,36,33,40,83,42,91,81,108,104,80" hai1="37,127,99,43,45,120,86,113,121,32,63,50,38" hai2="110,84,130,111,56,48,77,70,122,57,109,97,131" hai3=""/><V49/><N who="2" m="31264" /><V2/><F2/><T87/><D33/><U39/><N who="1" m="30752" /><U125/><N who="1" m="31008" /><U35/><E113/><V100/><F70/><T65/><D108/><U105/><E63/><V118/><F118/><T103/><D36/><U76/><E76/><V101/><F84/><T82/><D104/><U123/><N who="1" m="31520" /><U53/><E86/><V107/><F77/><T75/><D103/><U92/><E105/><V117/><F117/><T51/><REACH who="0" step="1"/><D75/><REACH who="0" ten="418,260,362,0" step="2"/><U52/><E32/><V96/><F111/><T112/><D112/><U129/><E35/><V62/><F107/><T115/><D115/><U128/><E38/><V34/><F34/><T64/><AGARI ba="0,1" hai="40,41,42,47,51,64,65,66,80,81,82,83,87,91" machi="64" ten="30,3000,0" yaku="1,1,0,1,8,1,53,0" doraHai="106" doraHaiUra="55" who="0" fromWho="0" sc="418,40,260,-10,362,-20,0,0" /><INIT seed="4,0,0,4,3,42" ten="458,250,342,0" oya="0" hai0="36,85,53,32,52,60,96,2,119,1,111,106,75" hai1="49,128,58,77,135,69,37,50,56,67,43,99,61" hai2="100,40,70,35,47,109,124,55,108,101,91,134,125" hai3=""/><T123/><N who="0" m="31520" /><T126/><D119/><U59/><E77/><V86/><F35/><T41/><D32/><U76/><E76/><V102/><F70/><T63/><D75/><U104/><E104/><V112/><F55/><T129/><D126/><N who="2" m="48746" /><F112/><T54/><D129/><U84/><E84/><V105/><F105/><T45/><D111/><U95/><E128/><V87/><F134/><T65/><D85/><N who="2" m="32266" /><F91/><T113/><D113/><U0/><E135/><V117/><F117/><T107/><D63/><U44/><REACH who="1" step="1"/><E0/><REACH who="1" ten="458,240,342,0" step="2"/><V66/><F66/><T89/><D106/><U97/><E97/><V116/><F116/><T51/><D107/><U38/><E38/><AGARI ba="0,1" hai="38,40,47,100,101,102,108,109" m="32266,48746" machi="38" ten="30,2000,0" yaku="18,1,52,1" doraHai="42" who="2" fromWho="1" sc="458,0,240,-20,342,30,0,0" /><INIT seed="5,0,0,2,2,55" ten="458,220,372,0" oya="1" hai0="35,42,104,60,99,77,53,112,102,120,118,48,106" hai1="115,121,0,94,88,84,66,76,125,83,57,38,68" hai2="108,1,50,82,34,131,85,93,71,80,135,33,40" hai3=""/><U54/><N who="1" m="31008" /><U36/><E0/><V61/><F108/><T46/><N who="0" m="30752" /><T124/><D35/><U79/><E115/><V51/><F1/><T95/><D112/><U134/><E134/><V105/><F135/><T98/><D124/><U91/><E125/><V58/><F105/><T127/><D127/><U64/><E36/><V107/><F107/><T63/><D118/><U49/><E38/><V72/><F131/><T65/><D77/><N who="1" m="29771" /><E68/><V101/><F72/><T69/><D63/><U62/><E62/><V126/><F126/><T52/><D104/><U75/><E75/><V47/><F71/><T67/><D67/><U37/><E37/><V45/><F34/><T92/><D106/><U128/><E128/><V130/><F130/><T78/><D78/><U133/><E133/><V89/><F101/><AGARI ba="0,0" hai="42,46,48,52,53,60,65,69,92,95,98,99,101,102" m="30752" machi="101" ten="30,7700,0" yaku="7,1,9,1,52,1,54,1" doraHai="55" who="0" fromWho="2" sc="458,77,220,0,372,-77,0,0" /><INIT seed="6,0,0,5,2,63" ten="535,220,295,0" oya="2" hai0="38,112,111,99,128,131,121,65,37,57,100,62,84" hai1="40,0,55,73,107,64,39,119,72,75,86,87,133" hai2="41,71,56,49,83,89,97,2,129,74,116,46,123" hai3=""/><V135/><N who="2" m="31520" /><V117/><F2/><T109/><N who="0" m="31008" /><T47/><D112/><U69/><E0/><V102/><F135/><T76/><D76/><U3/><E3/><V124/><F124/><T61/><D61/><U113/><E107/><V101/><F129/><N who="0" m="49738" /><D84/><U126/><E113/><V60/><F71/><T127/><D127/><U51/><E126/><V103/><F74/><T43/><D37/><U115/><E115/><V130/><F130/><T88/><D88/><U82/><E133/><V34/><F34/><T67/><D67/><U95/><E119/><V77/><F77/><T134/><D134/><U94/><E39/><V68/><F68/><T1/><D1/><U58/><E40/><V54/><REACH who="2" step="1"/><F83/><REACH who="2" ten="535,220,285,0" step="2"/><T110/><D110/><U118/><E118/><V81/><F81/><T70/><D70/><U35/><E35/><V33/><F33/><T98/><D98/><U45/><E69/><V114/><F114/><T91/><D91/><U122/><N who="1" m="31264" /><U53/><E82/><V104/><F104/><AGARI ba="0,1" hai="38,43,47,57,62,65,99,100,104,109,111" m="49738,31008" machi="104" ten="30,3900,0" yaku="19,1,52,2" doraHai="63" who="0" fromWho="2" sc="535,49,220,0,285,-39,0,0" owari="584,53.0,220,-38.0,246,-15.0,0,0.0" /></mjloggm>