<mjloggm ver="2.3"><GO type="225" lobby="0"/><UN n0="%E5%AE%89%E6%B2%B3%E5%86%85%E2%98%86%E7%BE%8E%E5%AD%90" n1="%E7%84%A1%E9%99%90" n2="%E3%82%8C%E3%81%A3%E3%81%A9%E3%81%A9%E3%81%A3%E3%81%90" n3="%E3%81%8D%E3%82%8A%E3%81%B5%E3%81%A0" dan="16,16,16,17" rate="2118.85,2068.08,2084.95,2193.16" sx="F,F,F,M"/><TAIKYOKU oya="0"/><INIT seed="0,0,0,3,4,26" ten="250,250,250,250" oya="0" hai0="23,29,53,129,72,109,71,104,121,90,38,37,126" hai1="98,25,28,81,99,130,107,33,39,76,13,111,79" hai2="2,108,0,117,57,101,44,45,43,21,30,74,100" hai3="134,14,113,61,78,18,125,50,83,54,11,85,1"/><T49/><D121/><U62/><E39/><V102/><F74/><W65/><G134/><T112/><D112/><U52/><E130/><V133/><F108/><W84/><G125/><T46/><D104/><U105/><E111/><V24/><F133/><W63/><G113/><T127/><D109/><U116/><E116/><V123/><F123/><W128/><G128/><T122/><D129/><U119/><E79/><V32/><F117/><W27/><G1/><T135/><D122/><U77/><E77/><V15/><F57/><W3/><G3/><T94/><D72/><U41/><E41/><V42/><F15/><W118/><G118/><T12/><D71/><U16/><E99/><V89/><F89/><W132/><G132/><T80/><D80/><U20/><E98/><V86/><F86/><W7/><G85/><N who="0" m="52559" /><D12/><U96/><E96/><V131/><F131/><W34/><G65/><T95/><D95/><U75/><REACH who="1" step="1"/><E119/><REACH who="1" ten="250,240,250,250" step="2"/><V67/><F2/><W114/><G114/><T36/><D135/><U93/><E93/><V31/><F0/><W40/><G40/><T19/><D38/><U17/><E17/><N who="2" m="12335" /><F42/><W82/><G82/><T51/><D37/><U58/><AGARI ba="0,1" hai="13,16,20,25,28,33,52,58,62,75,76,81,105,107" machi="58" ten="30,12000,2" yaku="1,1,0,1,52,1,54,2,53,1" doraHai="26" doraHaiUra="48" who="1" fromWho="1" sc="250,-60,240,130,250,-30,250,-30" /><INIT seed="1,0,0,0,5,64" ten="190,370,220,220" oya="1" hai0="104,135,129,9,103,0,6,53,109,94,78,122,128" hai1="119,134,107,72,7,93,47,44,66,14,131,27,97" hai2="22,101,77,1,43,49,8,4,81,75,5,88,96" hai3="115,102,85,130,63,30,108,15,74,121,90,54,112"/><U118/><E107/><V83/><F22/><W28/><G121/><T100/><D135/><U52/><E72/><V37/><F5/><W26/><G74/><T86/><D122/><U59/><E66/><V92/><F83/><W11/><G102/><T120/><D120/><U13/><E134/><V40/><F49/><W69/><G30/><T51/><D109/><U20/><E131/><N who="0" m="50249" /><D104/><U80/><E80/><V84/><REACH who="2" step="1"/><F37/><REACH who="2" ten="190,370,210,220" step="2"/><W114/><G114/><T35/><D35/><U98/><E7/><V65/><F65/><W67/><G108/><T133/><D133/><U2/><E20/><V12/><F12/><W123/><G123/><T41/><D78/><U111/><E111/><V87/><F87/><W110/><G110/><T39/><D86/><U3/><E3/><V21/><F21/><W124/><G130/><T48/><D39/><U132/><E2/><V31/><F31/><W29/><G29/><T61/><D48/><U73/><E73/><V25/><F25/><W34/><G115/><T68/><D51/><U76/><E76/><V113/><F113/><W19/><G112/><T95/><D6/><U23/><E132/><V106/><AGARI ba="0,1" hai="1,4,8,40,43,75,77,81,84,88,92,96,101,106" machi="106" ten="20,12000,2" yaku="1,1,0,1,7,1,24,2,54,1,53,0" doraHai="64" doraHaiUra="127" who="2" fromWho="2" sc="190,-30,370,-60,210,130,220,-30" /><INIT seed="2,0,0,3,3,51" ten="160,310,340,190" oya="2" hai0="125,77,23,97,115,95,85,122,101,100,8,9,96" hai1="35,67,32,75,89,93,107,24,29,68,12,120,15" hai2="94,48,62,71,27,103,58,73,50,44,53,127,70" hai3="132,83,69,106,123,46,60,19,65,25,78,41,121"/><V2/><F2/><W90/><G132/><T56/><D122/><U33/><E120/><V87/><F73/><W130/><G130/><T108/><D115/><U84/><E107/><V128/><F128/><W22/><G90/><T7/><D108/><U6/><E75/><V34/><F127/><W57/><G106/><T72/><D125/><U111/><E111/><V31/><F50/><W28/><G69/><T1/><D72/><U36/><E36/><V47/><F47/><W52/><G28/><T113/><D113/><U21/><E6/><V118/><F118/><W39/><REACH who="3" step="1"/><G65/><REACH who="3" ten="160,310,340,180" step="2"/><T18/><D101/><U135/><E135/><V54/><F103/><W42/><G42/><T64/><D100/><U66/><E68/><V74/><F71/><W49/><G49/><T0/><D64/><U5/><E67/><V126/><F70/><W133/><G133/><T91/><D77/><U104/><E66/><V20/><F126/><W109/><G109/><T92/><D1/><U124/><E104/><V79/><F79/><W13/><G13/><N who="1" m="5194" /><E124/><V11/><F48/><W105/><G105/><T129/><D129/><U86/><E89/><V17/><F31/><W99/><G99/><T81/><D0/><U43/><E43/><V80/><F27/><W10/><G10/><T40/><D40/><U61/><E24/><V59/><F11/><N who="0" m="4170" /><D7/><U102/><E102/><V55/><F55/><W16/><G16/><T37/><D37/><U116/><E5/><V38/><F17/><W114/><G114/><T131/><D131/><U98/><E29/><V76/><F38/><W88/><G88/><RYUUKYOKU ba="0,1" sc="160,-10,310,-10,340,-10,180,30" hai3="19,22,25,39,41,46,52,57,60,78,83,121,123" /><INIT seed="3,1,1,5,3,9" ten="150,300,330,210" oya="3" hai0="32,19,39,38,17,103,18,128,44,106,62,22,107" hai1="53,121,134,45,127,80,23,5,57,65,29,124,101" hai2="75,8,68,112,79,14,58,122,102,27,59,20,12" hai3="96,81,54,61,89,41,24,66,118,63,76,67,74"/><W64/><G118/><T100/><D32/><U110/><E121/><V43/><F68/><W60/><G41/><T42/><D128/><U98/><E134/><V70/><F70/><W35/><G54/><T71/><D71/><U34/><E34/><V11/><F112/><W113/><G113/><T0/><D0/><U85/><E45/><V46/><F102/><W123/><G123/><T125/><D62/><U87/><E5/><N who="2" m="3087" /><F79/><W83/><G74/><T105/><D125/><N who="1" m="48203" /><E65/><V133/><F75/><W31/><G76/><T120/><D120/><U132/><E110/><V95/><F95/><W93/><AGARI ba="1,1" hai="24,31,35,60,61,63,64,66,67,81,83,89,93,96" machi="93" ten="40,2100,0" yaku="0,1" doraHai="9" who="3" fromWho="3" sc="150,-8,300,-8,330,-8,210,34" /><INIT seed="3,2,0,3,3,124" ten="142,292,322,244" oya="3" hai0="100,111,37,83,58,73,119,59,30,38,62,32,27" hai1="0,4,67,122,69,61,110,50,99,126,74,31,43" hai2="84,106,91,42,94,128,48,82,51,97,87,105,41" hai3="114,29,44,54,52,1,72,79,98,55,92,22,40"/><W77/><G114/><T10/><D119/><U107/><E110/><V129/><F41/><W65/><G1/><T28/><D111/><U2/><E126/><V25/><F25/><N who="3" m="16567" /><G72/><T102/><D10/><N who="1" m="2311" /><E50/><V104/><F42/><W116/><G116/><T135/><D135/><U13/><E13/><V131/><F87/><W121/><G121/><T53/><D73/><U118/><E122/><V103/><AGARI ba="2,0" hai="48,51,82,84,91,94,97,103,104,105,106,128,129,131" machi="103" ten="40,8000,1" yaku="0,1,19,1,52,3" doraHai="124" who="2" fromWho="2" sc="142,-22,292,-22,322,86,244,-42" owari="120,-38.0,270,7.0,408,51.0,202,-20.0" /></mjloggm>