<mjloggm ver="2.3"><GO type="185" lobby="0"/><UN n0="%E3%81%9F%E3%82%93%E3%82%86%E3%81%86" n1="%E5%8C%97%E5%B2%A1%E3%81%BE%E3%81%A4%E3%81%9F%E3%81%91" n2="%28%E3%81%A4%CF%89%60%2A%29" n3="" dan="17,16,16,0" rate="2285.95,2277.79,2177.72,1500.00" sx="F,F,F,C"/><TAIKYOKU oya="0"/><INIT seed="0,0,0,2,2,63" ten="350,350,350,0" oya="0" hai0="129,107,131,89,61,104,133,119,101,125,118,47,92" hai1="1,120,91,90,115,94,84,55,39,75,106,49,87" hai2="45,35,105,3,36,108,117,127,97,54,72,85,56" hai3=""/><T80/><D47/><U110/><N who="1" m="30752" /><U76/><E1/><V51/><F72/><T57/><D80/><U67/><E110/><V82/><F108/><T38/><D38/><U74/><E106/><V66/><F3/><T123/><N who="0" m="31520" /><T130/><D125/><U99/><E115/><V126/><F35/><T48/><D48/><U134/><E39/><V52/><F117/><N who="0" m="44554" /><D101/><U53/><E76/><V46/><F36/><T2/><D2/><U70/><E99/><V65/><F45/><T71/><D71/><U0/><E0/><V128/><F127/><T88/><D133/><U32/><E32/><V122/><N who="2" m="31264" /><V68/><F68/><T79/><D79/><U98/><E134/><V100/><F126/><T37/><D37/><U103/><E74/><V73/><F73/><T58/><D58/><U114/><E75/><V33/><F33/><T50/><D50/><U95/><E49/><V44/><F44/><T111/><D111/><U42/><E42/><V77/><F46/><T43/><D43/><U81/><REACH who="1" step="1"/><E114/><REACH who="1" ten="350,340,350,0" step="2"/><V109/><F109/><T86/><D89/><U40/><E40/><V59/><F51/><T96/><D96/><U124/><E124/><V34/><F97/><T132/><D132/><U102/><E102/><RYUUKYOKU ba="0,1" sc="350,10,340,10,350,-20,0,0" hai0="57,61,86,88,92,104,107,129,130,131" hai1="53,55,67,70,81,84,87,90,91,94,95,98,103" /><INIT seed="0,1,1,0,0,100" ten="360,350,330,0" oya="0" hai0="102,129,33,66,64,125,99,109,55,105,123,93,35" hai1="37,52,80,63,116,51,58,1,79,130,134,39,92" hai2="90,41,49,127,96,60,131,73,83,115,61,84,98" hai3=""/><T47/><N who="0" m="31520" /><T114/><D114/><U119/><E1/><V108/><F115/><T53/><D125/><U133/><E92/><V122/><N who="2" m="31264" /><V56/><F127/><T72/><D72/><U0/><E0/><V42/><F108/><T57/><D109/><U45/><E79/><V46/><F131/><T34/><D129/><U54/><E80/><V38/><F73/><T75/><D75/><U68/><E68/><V117/><F117/><N who="1" m="45129" /><E130/><V48/><F60/><T107/><D47/><U2/><E2/><V101/><F42/><T106/><REACH who="0" step="1"/><D55/><REACH who="0" ten="350,350,330,0" step="2"/><U59/><E45/><V128/><F128/><T132/><D132/><AGARI ba="1,2" hai="37,39,51,52,54,58,59,63,132,133,134" m="45129" machi="132" ten="30,7700,0" yaku="20,1,34,2,54,1" doraHai="100" who="1" fromWho="0" sc="350,-79,350,99,330,0,0,0" /><INIT seed="1,0,0,3,0,115" ten="271,449,330,0" oya="1" hai0="66,97,92,135,79,74,68,76,117,104,112,109,50" hai1="134,91,71,124,2,116,132,89,41,125,65,77,129" hai2="40,75,49,103,69,88,98,84,80,62,72,70,95" hai3=""/><U43/><E2/><V57/><F40/><N who="1" m="15433" /><E77/><V0/><F0/><T85/><D50/><U113/><E113/><V32/><F49/><T54/><D54/><U36/><E36/><V46/><F46/><T123/><N who="0" m="31520" /><T1/><D1/><U106/><E106/><V82/><F32/><T38/><D38/><U100/><E100/><V39/><F39/><T121/><N who="0" m="31008" /><T133/><D66/><U56/><E71/><V61/><F80/><T105/><D68/><U111/><E111/><V42/><F42/><T127/><D112/><U55/><E65/><V130/><F130/><T78/><D74/><U101/><E101/><V107/><F62/><T35/><D35/><U67/><E67/><V120/><N who="2" m="30752" /><V47/><F47/><T3/><D3/><U118/><E129/><V37/><F37/><T86/><D97/><U94/><E55/><V63/><F61/><T73/><D73/><U131/><E56/><V34/><F34/><T59/><D59/><U93/><E131/><V58/><F58/><T64/><D64/><U110/><E110/><V87/><F69/><T52/><D52/><U119/><E125/><V83/><F70/><T114/><D127/><U96/><E124/><V48/><F48/><T81/><D114/><RYUUKYOKU ba="0,0" sc="271,-10,449,20,330,-10,0,0" hai1="89,91,93,94,96,116,118,119,132,134" /><INIT seed="1,1,0,0,3,118" ten="261,469,320,0" oya="1" hai0="100,76,59,90,60,77,41,108,72,134,111,46,67" hai1="78,61,49,37,87,116,91,117,69,57,133,0,84" hai2="63,119,65,40,1,92,94,39,121,68,43,99,125" hai3=""/><U124/><E0/><V103/><N who="2" m="31008" /><V130/><F1/><T53/><D100/><U86/><E37/><V135/><F119/><T66/><D134/><U122/><N who="1" m="31264" /><U126/><E133/><V128/><F135/><T51/><D90/><U50/><E69/><V58/><F125/><N who="1" m="48233" /><E78/><V98/><F68/><T52/><D77/><U131/><E131/><N who="2" m="50219" /><F39/><T81/><REACH who="0" step="1"/><D53/><REACH who="0" ten="251,469,320,0" step="2"/><U70/><E117/><V129/><F129/><T105/><D105/><U62/><E116/><V104/><F104/><T2/><D2/><U127/><E127/><V102/><AGARI ba="1,1" hai="40,43,58,63,65,92,94,98,99,102,103" m="50219,31008" machi="102" ten="30,3000,0" yaku="19,1,52,2" doraHai="118" who="2" fromWho="2" sc="251,-11,469,-21,320,42,0,0" /><INIT seed="2,0,0,5,1,116" ten="240,448,362,0" oya="2" hai0="89,73,95,67,102,48,66,57,86,90,113,93,32" hai1="130,34,46,104,72,132,122,121,55,105,2,61,43" hai2="54,117,96,78,128,107,40,135,37,65,64,33,58" hai3=""/><V62/><F117/><T101/><D32/><U71/><N who="1" m="31008" /><U51/><N who="1" m="31264" /><U39/><E2/><V133/><F33/><T123/><N who="0" m="31520" /><T125/><D73/><U112/><E34/><V92/><F107/><T111/><D111/><U56/><E72/><V110/><F78/><T131/><D131/><U45/><E112/><V59/><F128/><T52/><D113/><U76/><E130/><V118/><F118/><T94/><D125/><U83/><E132/><N who="2" m="50763" /><F110/><T126/><D126/><U97/><E71/><V3/><F3/><T74/><D74/><U63/><E61/><V108/><F108/><T70/><D70/><U36/><E36/><V103/><F59/><T127/><D127/><U109/><E109/><V106/><F106/><T42/><D42/><U50/><E39/><V77/><F77/><T91/><REACH who="0" step="1"/><D86/><REACH who="0" ten="230,448,362,0" step="2"/><U119/><E119/><V79/><F79/><T100/><AGARI ba="0,1" hai="48,52,57,66,67,89,90,91,93,94,95,100,101,102" m="31520" machi="100" ten="40,12000,3" yaku="1,1,2,1,0,1,29,2,8,1,52,2,54,1,53,0" doraHai="116" doraHaiUra="81" who="0" fromWho="0" sc="230,130,448,-40,362,-80,0,0" /><INIT seed="4,0,0,4,3,100" ten="360,408,282,0" oya="0" hai0="46,120,107,117,32,111,123,89,51,103,82,126,95" hai1="118,78,44,113,50,92,105,3,91,74,37,2,101" hai2="71,130,122,87,110,116,42,80,69,135,54,104,64" hai3=""/><T86/><N who="0" m="30752" /><T109/><N who="0" m="31520" /><T47/><D32/><U53/><E118/><V0/><N who="2" m="31264" /><V65/><F110/><N who="0" m="41994" /><D117/><U94/><E37/><V70/><F0/><T1/><D1/><U36/><E36/><V90/><F116/><T99/><D126/><U102/><E78/><V121/><N who="2" m="31008" /><V108/><F108/><T62/><D62/><U133/><E74/><V112/><F42/><T132/><D132/><U93/><E133/><V134/><F112/><T45/><D82/><U34/><E113/><V41/><F41/><AGARI ba="0,0" hai="41,45,46,47,51,86,89,95,99,103,107" m="41994,31520,30752" machi="41" ten="30,11600,0" yaku="10,1,52,3" doraHai="100" who="0" fromWho="2" sc="360,116,408,0,282,-116,0,0" /><INIT seed="4,1,0,0,0,113" ten="476,408,166,0" oya="0" hai0="69,63,66,103,59,73,94,120,134,123,46,58,110" hai1="107,56,118,131,130,92,48,39,2,106,81,75,37" hai2="32,102,80,57,135,133,122,117,112,40,98,52,76" hai3=""/><T93/><N who="0" m="30752" /><T41/><N who="0" m="31520" /><T101/><D73/><U90/><E2/><V128/><N who="2" m="31264" /><V115/><F32/><T104/><D134/><N who="2" m="51210" /><F40/><T3/><D3/><U96/><E39/><V99/><F128/><N who="1" m="49193" /><E37/><V83/><F117/><T71/><D110/><U91/><E118/><V121/><N who="2" m="31008" /><V67/><F67/><T42/><D104/><U54/><E75/><V95/><F99/><T1/><D1/><U82/><E82/><N who="2" m="31275" /><F76/><T53/><D66/><U34/><E34/><V97/><F97/><T114/><D53/><U0/><E0/><V108/><F108/><T33/><D33/><U79/><E79/><V72/><F72/><T47/><D63/><AGARI ba="1,0" hai="52,57,63,95,98,102,112,115" m="31275,31008,51210,31264" machi="63" ten="30,7700,0" yaku="20,1,52,2,54,1" doraHai="113" who="2" fromWho="0" sc="476,-79,408,0,166,79,0,0" /><INIT seed="5,0,0,5,3,79" ten="397,408,245,0" oya="1" hai0="59,110,34,32,81,42,100,101,80,62,0,90,64" hai1="132,49,40,78,93,92,56,57,99,46,67,58,41" hai2="52,130,72,84,60,107,83,86,2,96,61,102,44" hai3=""/><U114/><E132/><V70/><F2/><T103/><D0/><U121/><N who="1" m="31008" /><U50/><E114/><V82/><F130/><T123/><N who="0" m="31520" /><T48/><D110/><U73/><E73/><V89/><F72/><T3/><D3/><U55/><E78/><V125/><F70/><T128/><D128/><U126/><E126/><V38/><F125/><T39/><D39/><U95/><E67/><V51/><F38/><T47/><REACH who="0" step="1"/><D90/><AGARI ba="0,0" hai="44,51,52,60,61,82,83,84,86,89,90,96,102,107" machi="90" ten="30,8000,1" yaku="7,1,9,1,52,2,54,1" doraHai="79" who="2" fromWho="0" sc="397,-80,408,0,245,80,0,0" /><INIT seed="6,0,0,4,5,44" ten="317,408,325,0" oya="2" hai0="110,40,56,74,91,62,78,105,47,73,101,42,99" hai1="64,71,93,128,97,84,108,76,81,124,113,46,52" hai2="32,86,120,111,109,55,135,60,51,129,116,69,34" hai3=""/><V132/><N who="2" m="30752" /><V89/><F116/><T117/><D117/><U66/><E108/><N who="2" m="41547" /><F69/><T82/><D110/><U123/><N who="1" m="31520" /><U63/><E128/><V3/><F60/><T95/><D73/><U61/><E113/><V87/><F3/><T1/><D1/><U41/><E124/><V98/><F98/><T119/><D119/><U114/><E114/><V122/><N who="2" m="31264" /><V70/><F70/><T133/><D133/><N who="2" m="51274" /><F129/><T57/><D62/><U83/><E83/><V2/><F2/><T48/><REACH who="0" step="1"/><D40/><REACH who="0" ten="307,408,325,0" step="2"/><U54/><E63/><V35/><F89/><T38/><D38/><U85/><E66/><V126/><F126/><T67/><D67/><U106/><E64/><V58/><AGARI ba="0,1" hai="32,34,35,51,55,58,86,87" m="51274,31264,41547,30752" machi="58" ten="40,8000,1" yaku="10,1,20,1,52,3" doraHai="44" who="2" fromWho="2" sc="307,-40,408,-40,325,90,0,0" owari="267,-33.0,368,-3.0,415,36.0,0,0.0" /></mjloggm>