<mjloggm ver="2.3"><GO type="169" lobby="0"/><UN n0="%E6%AD%A6%E5%89%87%E8%BC%9D%E6%B5%B7" n1="%E2%80%A0%E7%99%BD%E5%85%8E%E2%80%A0" n2="%E6%B2%99%E7%BE%85%E9%87%8E%E7%8E%8B%E8%8A%B1" n3="%79%61%6D%61%64%61" dan="17,17,16,16" rate="2207.30,2190.91,2053.63,2149.71" sx="M,M,F,M"/><TAIKYOKU oya="0"/><INIT seed="0,0,0,1,3,27" ten="250,250,250,250" oya="0" hai0="11,53,102,112,110,135,123,134,122,117,124,3,84" hai1="109,10,36,127,101,71,94,133,20,56,85,70,129" hai2="62,103,89,72,75,64,58,30,90,131,111,2,105" hai3="88,49,46,13,130,15,116,107,77,126,29,32,115"/><T121/><D53/><U99/><E36/><V34/><F111/><W79/><G115/><T93/><D3/><U100/><E109/><V104/><F2/><W1/><G107/><T118/><D110/><U125/><E129/><V59/><F131/><W22/><G1/><T97/><D11/><U6/><E133/><N who="0" m="50697" /><D112/><U7/><E101/><V128/><F128/><W120/><G116/><N who="0" m="44651" /><D84/><U26/><E10/><V18/><F64/><W65/><G65/><T52/><D52/><U31/><E6/><V96/><F18/><W57/><G130/><T87/><D87/><U8/><E8/><V14/><F62/><W74/><G46/><T43/><D43/><U12/><E7/><V19/><F19/><W67/><G67/><T60/><D60/><U38/><E85/><V42/><F42/><W98/><G13/><T69/><D69/><U80/><E12/><V68/><F14/><W132/><G15/><T0/><D0/><U17/><E71/><V48/><F68/><W54/><G54/><T108/><D108/><U25/><E70/><V86/><F86/><W39/><G57/><T51/><D51/><U55/><E55/><V76/><F48/><W73/><G49/><T66/><D66/><U114/><E56/><V83/><F96/><W23/><G132/><T44/><D44/><U95/><E38/><V113/><F113/><W41/><G41/><T9/><D9/><U63/><E114/><V40/><F40/><W82/><G39/><T24/><D24/><U4/><E63/><V92/><F58/><W91/><G98/><T5/><D5/><U33/><E4/><RYUUKYOKU ba="0,0" sc="250,30,250,-10,250,-10,250,-10" hai0="93,97,102,121,122,123,124" /><INIT seed="0,1,0,5,2,114" ten="280,240,240,240" oya="0" hai0="101,88,15,56,105,86,94,121,112,24,28,61,125" hai1="59,18,36,99,118,39,79,133,82,46,98,90,4" hai2="30,57,3,123,12,81,34,37,52,131,67,69,55" hai3="11,1,16,135,80,66,22,72,84,100,21,129,33"/><T48/><D112/><U0/><E133/><V5/><F123/><W104/><G33/><T53/><D121/><U110/><E110/><V74/><F131/><W87/><G72/><T63/><D125/><U42/><E39/><V25/><F37/><W130/><G135/><T76/><D76/><U106/><E18/><V41/><F41/><W75/><G66/><T103/><D105/><U2/><E99/><V119/><F119/><W73/><G100/><T122/><D122/><U19/><E19/><V60/><F3/><W128/><G87/><T78/><D78/><U83/><E83/><V124/><F124/><W102/><G102/><N who="0" m="38923" /><D15/><U47/><E47/><V43/><F43/><W120/><G104/><T14/><D14/><U113/><E106/><V31/><F31/><W20/><G120/><T77/><D77/><U109/><E109/><V91/><F74/><N who="3" m="28171" /><G1/><T32/><D32/><U92/><E2/><V38/><F38/><W97/><G11/><T27/><D28/><U10/><E113/><V9/><REACH who="2" step="1"/><F69/><REACH who="2" ten="280,240,230,240" step="2"/><W40/><G40/><T65/><D63/><U44/><E42/><V54/><F54/><W68/><G68/><T64/><D65/><U117/><E36/><V29/><F29/><W8/><G129/><T50/><D50/><U13/><E0/><V126/><F126/><W134/><G134/><T58/><AGARI ba="1,1" hai="24,27,48,53,56,58,61,64,86,88,94" m="38923" machi="58" ten="30,3000,0" yaku="8,1,54,1" doraHai="114" who="0" fromWho="0" sc="280,43,240,-11,230,-11,240,-11" /><INIT seed="0,2,0,1,0,78" ten="323,229,219,229" oya="0" hai0="25,122,120,7,2,72,33,23,56,62,58,0,29" hai1="90,3,51,88,104,111,65,34,22,70,86,17,38" hai2="94,68,100,63,81,30,13,47,64,5,71,39,115" hai3="48,83,55,54,105,87,59,60,21,27,1,121,37"/><T53/><D72/><U119/><E38/><V18/><F115/><W77/><G121/><T101/><D101/><U113/><E119/><V12/><F30/><W20/><G37/><T73/><D73/><U131/><E34/><V109/><F109/><W96/><G1/><T130/><D130/><U123/><E123/><V9/><F39/><W76/><G105/><T107/><D107/><U118/><E104/><V85/><F47/><W8/><G8/><T69/><D69/><U132/><E3/><V46/><F46/><W80/><G96/><T26/><D0/><U93/><E118/><V49/><F49/><W19/><G21/><T10/><REACH who="0" step="1"/><D56/><REACH who="0" ten="313,229,219,229" step="2"/><U32/><E131/><V15/><F68/><W67/><G48/><T40/><D40/><U16/><E51/><V135/><F135/><W108/><G108/><T97/><D97/><U61/><E111/><V52/><F100/><W116/><G116/><T91/><D91/><U41/><E132/><V6/><F6/><W89/><G89/><T11/><D11/><U95/><E90/><N who="2" m="51503" /><F71/><W92/><G92/><T110/><D110/><U127/><E95/><V24/><F5/><W106/><G106/><T79/><D79/><U42/><E93/><V133/><F133/><W129/><G129/><T134/><D134/><U44/><E70/><N who="2" m="42271" /><F94/><W125/><G125/><T82/><D82/><U35/><E127/><V126/><F126/><W14/><G77/><T57/><D57/><U84/><E88/><V43/><F43/><W75/><G75/><T114/><D114/><U45/><E113/><V36/><F9/><N who="3" m="6607" /><G80/><T98/><D98/><RYUUKYOKU ba="2,1" sc="313,15,229,-15,219,-15,229,15" hai0="2,7,10,23,25,26,29,33,53,58,62,120,122" hai3="20,27,54,55,59,60,67,76,83,87" /><INIT seed="0,3,1,4,0,129" ten="328,214,204,244" oya="0" hai0="105,96,48,135,64,19,132,2,83,41,86,123,61" hai1="40,1,28,90,98,117,77,66,97,51,92,116,109" hai2="119,18,44,122,6,0,33,8,76,121,54,12,55" hai3="95,91,23,93,9,134,47,80,59,99,110,103,94"/><T56/><D2/><U43/><E1/><V20/><F76/><W131/><G131/><T65/><D123/><U31/><E66/><V101/><F101/><W34/><G34/><T39/><D39/><U100/><E77/><V72/><F72/><W7/><G110/><T42/><D65/><U75/><E75/><V128/><F128/><W102/><G23/><T88/><D19/><U68/><E68/><V127/><F54/><W118/><G118/><T115/><D115/><U50/><E90/><V3/><F119/><W69/><G69/><T70/><D70/><U17/><E100/><V52/><F127/><W4/><G80/><T78/><D48/><U73/><E73/><V38/><F0/><W104/><G103/><N who="0" m="62695" /><D78/><U30/><E30/><V106/><F106/><W111/><G111/><T84/><D86/><U63/><E109/><V25/><F55/><W114/><G114/><T45/><D45/><U79/><E79/><V5/><F5/><W13/><G7/><T14/><D14/><U36/><E36/><V126/><F126/><W133/><G59/><T15/><D15/><U49/><E49/><N who="2" m="28711" /><F38/><W81/><REACH who="3" step="1"/><G47/><REACH who="3" ten="328,214,204,234" step="2"/><T29/><D29/><AGARI ba="3,2" hai="3,6,8,12,18,20,25,29,33,121,122" m="28711" machi="29" ten="30,2000,0" yaku="24,1,54,1" doraHai="129" who="2" fromWho="0" sc="328,-29,214,0,204,49,234,0" /><INIT seed="1,0,0,4,1,116" ten="299,214,253,234" oya="1" hai0="108,6,5,122,1,109,69,105,73,39,74,10,11" hai1="77,36,27,15,91,89,56,110,121,72,29,70,90" hai2="25,106,28,8,85,13,115,135,50,129,18,31,68" hai3="117,118,58,95,119,98,83,113,61,111,81,97,71"/><U41/><E70/><V38/><F38/><W128/><G71/><T87/><D87/><U107/><E107/><V124/><F106/><W44/><G113/><T34/><D69/><U82/><E110/><V80/><F115/><W78/><G111/><N who="0" m="42571" /><D105/><U46/><E15/><V47/><F129/><W104/><G128/><T120/><D39/><U33/><REACH who="1" step="1"/><E56/><REACH who="1" ten="299,204,253,234" step="2"/><V49/><F13/><W132/><G104/><T48/><D34/><U52/><E52/><V57/><F57/><W131/><G131/><T64/><D64/><U21/><E21/><V76/><F68/><W20/><G20/><T35/><D35/><U134/><E134/><V42/><F135/><W79/><G132/><T2/><D48/><U62/><E62/><V17/><F50/><W86/><G44/><T55/><D55/><U19/><E19/><V51/><F18/><W130/><G130/><T12/><D12/><U37/><E37/><N who="2" m="21967" /><F17/><W75/><G58/><T126/><D126/><U60/><E60/><V40/><F124/><W92/><G61/><T0/><D1/><U102/><E102/><V66/><F49/><W53/><G53/><T30/><D30/><U65/><E65/><V43/><F66/><W114/><G114/><T100/><D100/><U63/><E63/><V112/><F28/><W93/><AGARI ba="0,1" hai="75,78,79,81,83,86,92,93,95,97,98,117,118,119" machi="93" ten="40,8000,1" yaku="0,1,12,1,34,3" doraHai="116" who="3" fromWho="3" sc="299,-20,204,-40,253,-20,234,90" /><INIT seed="2,0,0,2,0,6" ten="279,164,233,324" oya="2" hai0="70,134,96,101,56,78,50,132,33,0,90,60,102" hai1="73,62,93,94,58,124,81,26,83,30,116,72,61" hai2="68,66,130,57,125,11,65,88,89,35,14,87,31" hai3="135,110,3,46,5,118,16,53,39,91,111,24,32"/><V18/><F125/><W10/><G118/><T122/><D33/><U115/><E116/><V74/><F74/><W123/><G91/><T7/><D70/><U48/><E124/><V119/><F119/><W85/><G85/><T22/><D50/><U8/><E115/><V36/><F36/><W99/><G99/><T84/><D122/><U59/><E48/><V71/><F130/><W23/><G53/><T95/><D22/><U27/><REACH who="1" step="1"/><E30/><REACH who="1" ten="279,154,233,324" step="2"/><V15/><F31/><N who="3" m="19559" /><G123/><T76/><D134/><U34/><E34/><V75/><F35/><W25/><G39/><T21/><D132/><U114/><E114/><V82/><F68/><W37/><G37/><T43/><D102/><U104/><E104/><V113/><F71/><W13/><G46/><T79/><D101/><U29/><E29/><V103/><F113/><W1/><G135/><T44/><D44/><U67/><E67/><V49/><F66/><W40/><G40/><T108/><D43/><U19/><E19/><V41/><F65/><W12/><G25/><T128/><D128/><U42/><E42/><V45/><F103/><W106/><G106/><T4/><D56/><U98/><E98/><V69/><F69/><W2/><AGARI ba="0,1" hai="1,2,3,5,10,12,13,16,23,110,111" m="19559" machi="2" ten="40,8000,1" yaku="34,2,52,1,54,1" doraHai="6" who="3" fromWho="3" sc="279,-20,154,-20,233,-40,324,90" /><INIT seed="3,0,0,0,5,67" ten="259,134,193,414" oya="3" hai0="25,114,92,22,61,56,28,94,6,124,80,108,16" hai1="74,135,98,5,41,130,113,54,23,82,18,87,2" hai2="66,90,103,3,127,72,42,100,71,14,40,49,131" hai3="64,24,126,11,77,55,97,17,45,68,119,83,7"/><W43/><G119/><T8/><D108/><U125/><E113/><V29/><F3/><W70/><G64/><T62/><D124/><U84/><E125/><V36/><F127/><W35/><G55/><T37/><D37/><U51/><E130/><V111/><F111/><W12/><G97/><T32/><D114/><U105/><E135/><V102/><F72/><W104/><G104/><T73/><D73/><U26/><E41/><V134/><F131/><W47/><G47/><T128/><D80/><U79/><E5/><V69/><F36/><W39/><G126/><T9/><D9/><U63/><E2/><V107/><F107/><W109/><G109/><T60/><D56/><U44/><E105/><V122/><F90/><W21/><G35/><T129/><D128/><U115/><E115/><V88/><F66/><W76/><G76/><T10/><D10/><U93/><REACH who="1" step="1"/><E63/><REACH who="1" ten="259,124,193,414" step="2"/><V38/><F134/><W85/><AGARI ba="0,1" hai="7,11,12,17,21,24,39,43,45,68,70,77,83,85" machi="85" ten="20,7800,0" yaku="0,1,7,1,52,2" doraHai="67" who="3" fromWho="3" sc="259,-26,124,-26,193,-26,414,88" /><INIT seed="3,1,0,2,3,91" ten="233,98,167,502" oya="3" hai0="25,90,87,9,21,51,37,5,94,97,122,88,116" hai1="103,52,10,62,58,73,135,102,68,45,36,101,26" hai2="31,112,76,50,3,74,13,134,63,117,11,86,104" hai3="82,121,127,32,53,106,105,18,111,35,129,79,107"/><W72/><G121/><T20/><D37/><U28/><E135/><V29/><F117/><W124/><G129/><T108/><D116/><U69/><E73/><V95/><F112/><W0/><G0/><T54/><D122/><U42/><REACH who="1" step="1"/><E10/><REACH who="1" ten="233,88,167,502" step="2"/><V23/><F134/><W17/><G72/><T78/><D108/><U14/><E14/><V80/><F11/><W77/><G111/><T92/><D25/><U47/><E47/><V81/><F13/><W43/><G127/><T99/><D9/><U61/><E61/><V34/><F63/><W6/><G124/><T44/><D5/><U120/><E120/><V131/><F74/><W55/><G6/><T39/><D39/><U98/><E98/><V118/><F118/><W46/><G46/><T49/><D51/><U113/><E113/><V64/><F50/><W57/><G106/><T24/><D24/><U70/><E70/><V4/><F104/><W128/><G128/><T84/><D78/><U7/><E7/><V132/><F131/><W133/><G133/><T123/><D123/><U109/><E109/><V1/><F132/><W96/><G96/><AGARI ba="1,1" hai="20,21,44,49,54,84,87,88,90,92,94,96,97,99" machi="96" ten="40,8000,1" yaku="9,1,8,1,52,2,54,1" doraHai="91" who="0" fromWho="3" sc="233,93,88,0,167,0,502,-83" /><INIT seed="4,0,0,2,0,109" ten="326,88,167,419" oya="0" hai0="17,48,120,63,50,12,36,84,29,127,105,75,108" hai1="27,70,67,92,111,6,124,112,118,130,61,44,103" hai2="57,121,96,119,69,98,135,26,115,74,16,129,30" hai3="77,3,94,10,116,22,73,128,19,28,31,49,102"/><T89/><D75/><U86/><E111/><V7/><F121/><W87/><G116/><T2/><D2/><U66/><E118/><V35/><F119/><W122/><G73/><T125/><D36/><U59/><E124/><V53/><F115/><W79/><G3/><T38/><D38/><U14/><E130/><V46/><F129/><W83/><G128/><T47/><D105/><U51/><E27/><V4/><F69/><W91/><G10/><T0/><D0/><U34/><E34/><V24/><F74/><W55/><G102/><T56/><D29/><N who="3" m="11337" /><G83/><T88/><D120/><U41/><E70/><V80/><F135/><W97/><G97/><T60/><D108/><U9/><E112/><V33/><F80/><W106/><G106/><T81/><D89/><U37/><E37/><V72/><F72/><W113/><G113/><T40/><D50/><U43/><E43/><V99/><F46/><N who="3" m="28087" /><G122/><T62/><REACH who="0" step="1"/><D56/><REACH who="0" ten="316,88,167,419" step="2"/><U58/><E58/><V5/><F35/><W65/><G65/><T126/><D126/><U68/><E68/><V23/><F57/><W104/><G104/><T78/><D78/><U32/><E66/><V1/><F1/><W18/><G79/><T39/><D39/><U131/><E131/><V90/><F90/><W107/><G107/><T20/><AGARI ba="0,1" hai="12,17,20,40,47,48,60,62,63,81,84,88,125,127" machi="20" ten="30,6000,0" yaku="1,1,0,1,54,1,53,0" doraHai="109" doraHaiUra="110" who="0" fromWho="0" sc="316,70,88,-20,167,-20,419,-20" /><INIT seed="4,1,0,3,0,81" ten="386,68,147,399" oya="0" hai0="82,97,31,93,53,36,76,116,1,30,46,26,118" hai1="88,21,4,12,62,33,135,44,71,98,72,68,86" hai2="107,2,87,78,22,50,70,110,111,131,73,128,25" hai3="51,108,134,42,120,92,67,119,11,13,100,6,113"/><T8/><D31/><U94/><E72/><V95/><F70/><W96/><G119/><T54/><D1/><U7/><E33/><V130/><F2/><W5/><G108/><N who="2" m="41513" /><F50/><W35/><G35/><T75/><D8/><U64/><E135/><V15/><F15/><W39/><G39/><T69/><D69/><U10/><E71/><V106/><F22/><W38/><G38/><T105/><D105/><N who="2" m="39946" /><F25/><W102/><G113/><T55/><D36/><U56/><E68/><V32/><F32/><W18/><G120/><T79/><D79/><U48/><E21/><V34/><F34/><W133/><G100/><T49/><D26/><U132/><E132/><N who="3" m="50794" /><G67/><T127/><D30/><U89/><E7/><V28/><F28/><W91/><G102/><T47/><D127/><U20/><E20/><V109/><N who="2" m="41521" /><V24/><DORA hai="74" /><F24/><W117/><G117/><T3/><D3/><U114/><E114/><V52/><F52/><W77/><G42/><T14/><D14/><U60/><E56/><V45/><F45/><W0/><G51/><T23/><D23/><U66/><E66/><V59/><F59/><W129/><G6/><T101/><REACH who="0" step="1"/><D47/><REACH who="0" ten="376,68,147,399" step="2"/><U27/><E27/><V104/><F104/><W17/><G0/><T57/><D57/><U123/><E44/><V84/><F78/><W29/><G29/><T115/><D115/><U19/><E10/><V16/><F131/><W58/><G129/><T63/><D63/><U37/><E62/><V43/><F130/><W126/><G126/><T40/><AGARI ba="1,1" hai="40,46,49,53,54,55,75,76,82,93,97,101,116,118" machi="40" ten="30,11700,0" yaku="1,1,0,1,52,1,53,1" doraHai="81,74" doraHaiUra="85,41" who="0" fromWho="0" sc="376,130,68,-40,147,-40,399,-40" /><INIT seed="4,2,0,5,3,34" ten="506,28,107,359" oya="0" hai0="121,114,99,17,1,42,33,58,63,48,3,21,30" hai1="60,131,113,119,95,104,102,73,0,83,125,16,61" hai2="54,110,97,65,88,78,128,66,71,96,120,40,26" hai3="93,27,28,129,7,4,81,29,77,103,133,55,112"/><T123/><D33/><U135/><E119/><V18/><F110/><W35/><G112/><T9/><D30/><U91/><E113/><V44/><F120/><W109/><G109/><T116/><D114/><U118/><E118/><V32/><F71/><W90/><G29/><T106/><D116/><U68/><E125/><V84/><F32/><W19/><G129/><T108/><D108/><U45/><E135/><V56/><F78/><W25/><G103/><T127/><D127/><U10/><E68/><V46/><F26/><W111/><G111/><T72/><D72/><U92/><E131/><V132/><F132/><W85/><G133/><T6/><D3/><U51/><E104/><V39/><F18/><W12/><G27/><T74/><D74/><U75/><E75/><V50/><F128/><W80/><G80/><T59/><D99/><U101/><E0/><V24/><F24/><W130/><G130/><T94/><D94/><N who="1" m="35883" /><E73/><V126/><F126/><W107/><G107/><T122/><D106/><U20/><E10/><V41/><F97/><W117/><G117/><T22/><D17/><U43/><E102/><V38/><F96/><W79/><G79/><T57/><D63/><U52/><E43/><V23/><F23/><W70/><G70/><T76/><D76/><U89/><E101/><V82/><AGARI ba="2,0" hai="38,39,40,41,44,46,50,54,56,65,66,82,84,88" machi="82" ten="20,5200,0" yaku="0,1,7,1,9,1,54,1" doraHai="34" who="2" fromWho="2" sc="506,-28,28,-15,107,58,359,-15" /><INIT seed="5,0,0,1,4,92" ten="478,13,165,344" oya="1" hai0="100,16,67,38,76,130,3,57,88,37,129,27,127" hai1="64,23,126,124,70,17,39,105,132,31,122,62,73" hai2="77,78,79,98,118,101,104,61,65,51,99,93,26" hai3="106,20,121,89,115,22,107,54,84,63,52,96,72"/><U36/><E122/><V68/><F118/><W15/><G121/><T56/><D3/><U43/><E73/><V86/><F26/><W32/><G32/><T97/><D76/><U113/><E113/><V45/><F86/><W47/><G72/><T42/><D88/><U41/><E31/><V59/><F68/><W91/><G115/><T90/><D90/><U2/><E105/><V110/><F110/><W131/><G131/><N who="0" m="50187" /><D127/><N who="1" m="48683" /><E2/><V109/><F109/><W114/><G114/><T33/><D42/><N who="1" m="15883" /><E132/><V9/><F104/><W108/><G108/><T24/><D24/><AGARI ba="0,0" hai="17,23,24,36,39,62,64,70" m="15883,48683" machi="24" ten="30,1500,0" yaku="18,1" doraHai="92" who="1" fromWho="0" sc="478,-15,13,15,165,0,344,0" /><INIT seed="5,1,0,1,3,133" ten="463,28,165,344" oya="1" hai0="80,34,122,128,94,49,121,25,125,62,4,17,56" hai1="111,54,52,107,14,131,37,9,20,106,5,88,68" hai2="45,123,22,76,46,28,81,67,118,117,83,24,135" hai3="39,129,43,51,71,119,66,85,38,64,103,60,86"/><U89/><E37/><V98/><F123/><W104/><G103/><T120/><D128/><U11/><E131/><V69/><F135/><W63/><G104/><T105/><D105/><U8/><E68/><V36/><F81/><W12/><G12/><T102/><D4/><U70/><E70/><V29/><F29/><W115/><G86/><T87/><D49/><U41/><E111/><V134/><F134/><W96/><G85/><T27/><D34/><U91/><E41/><V33/><F22/><W126/><G96/><N who="0" m="59671" /><D17/><N who="1" m="10295" /><E106/><V110/><F98/><W15/><G15/><T124/><D27/><U79/><E107/><V74/><F110/><W48/><G129/><T84/><D25/><U78/><E5/><V23/><F23/><W35/><G35/><T50/><D50/><N who="3" m="18985" /><G119/><T26/><D26/><U61/><E61/><N who="2" m="40175" /><F46/><N who="3" m="23927" /><G39/><T93/><D93/><U30/><E30/><V47/><F28/><W112/><G63/><T2/><D2/><U97/><E97/><V95/><F118/><W42/><G42/><T19/><D19/><U40/><E40/><V0/><F117/><W127/><G66/><N who="0" m="39239" /><D87/><U59/><E59/><V77/><F36/><W58/><G71/><T6/><D6/><U99/><E99/><V113/><F0/><W21/><G21/><T132/><D132/><U116/><E116/><V82/><F33/><W101/><G101/><T92/><D92/><U32/><E32/><V90/><F95/><W31/><G31/><T16/><D16/><U10/><N who="1" m="2048" /><DORA hai="7" /><U100/><E100/><V72/><F72/><W1/><G1/><T114/><D121/><U109/><E109/><RYUUKYOKU ba="1,0" sc="463,-15,28,15,165,-15,344,15" hai1="52,54,78,79,88,89,91" hai3="58,60,64,112,115,126,127" /><INIT seed="5,2,0,1,1,67" ten="448,43,150,359" oya="1" hai0="37,96,35,55,121,132,134,91,12,84,44,81,9" hai1="23,57,46,135,88,18,117,32,8,54,27,104,126" hai2="86,10,116,40,5,106,53,39,6,36,49,20,2" hai3="124,79,62,19,70,56,7,63,48,69,87,21,72"/><U103/><E117/><V94/><F106/><W110/><G110/><T97/><D35/><U83/><E126/><V133/><F116/><W74/><G7/><T38/><D121/><U93/><E135/><N who="0" m="51753" /><D55/><U58/><E32/><V78/><F133/><W90/><G124/><T99/><D44/><U34/><E34/><V41/><F6/><AGARI ba="2,0" hai="6,9,12,37,38,81,84,91,96,97,99" m="51753" machi="6" ten="30,1000,0" yaku="20,1" doraHai="67" who="0" fromWho="2" sc="448,16,43,0,150,-16,359,0" /><INIT seed="6,0,0,4,1,66" ten="464,43,134,359" oya="2" hai0="34,2,100,89,40,107,75,125,35,132,36,119,123" hai1="80,88,105,46,67,91,97,115,15,96,93,65,103" hai2="32,12,111,127,0,79,62,54,16,122,82,130,108" hai3="118,106,92,85,71,112,102,87,55,51,27,52,45"/><V61/><F122/><W26/><G118/><T49/><RYUUKYOKU type="yao9" ba="0,0" sc="464,0,43,0,134,0,359,0" hai0="2,34,35,36,40,49,75,89,100,107,119,123,125,132" /><INIT seed="6,1,0,3,2,43" ten="464,43,134,359" oya="2" hai0="93,41,50,33,70,34,127,53,16,89,81,100,69" hai1="77,126,99,3,2,7,1,119,0,5,120,56,59" hai2="47,61,22,26,4,124,52,68,67,54,46,80,31" hai3="97,10,129,8,134,12,45,73,103,38,18,91,66"/><V95/><F124/><W6/><G73/><T62/><D127/><U114/><N who="1" m="0" /><DORA hai="64" /><U27/><E126/><V57/><F4/><W84/><G66/><T55/><D100/><U14/><E119/><V88/><F80/><W51/><G38/><T29/><D81/><U131/><E114/><V110/><F110/><W36/><G36/><T42/><D62/><U104/><E131/><V105/><F105/><W74/><G74/><T15/><D42/><U101/><E120/><V9/><F9/><W39/><G39/><T122/><D41/><U115/><E115/><V98/><REACH who="2" step="1"/><F52/><REACH who="2" ten="464,43,124,359" step="2"/><N who="3" m="29807" /><G6/><T135/><D55/><U63/><E77/><V23/><F23/><W49/><G8/><T111/><D53/><U60/><E7/><V72/><F72/><W28/><G10/><T79/><D79/><U78/><E78/><V96/><F96/><W116/><G97/><T107/><D107/><U125/><E125/><V30/><F30/><W123/><G28/><T102/><D29/><U92/><E104/><V132/><F132/><W109/><G134/><T118/><D111/><U21/><E60/><AGARI ba="1,1" hai="22,26,31,46,47,54,57,60,61,67,68,88,95,98" machi="60" ten="30,18000,2" yaku="1,1,7,1,52,3,54,1,53,0" doraHai="43,64" doraHaiUra="108,35" who="2" fromWho="1" sc="464,0,43,-183,124,193,359,0" owari="464,56.0,-140,-64.0,317,-8.0,359,16.0" /></mjloggm>