<mjloggm ver="2.3"><GO type="169" lobby="0"/><UN n0="%53%74%65%69%6E%73" n1="%E5%A4%A9%E9%BC%93" n2="%E6%B2%B3%E5%B6%8B%4B%4B" n3="%E8%A5%BF%E9%87%8E%E4%B8%83%E7%80%AC" dan="16,18,17,16" rate="2149.51,2233.02,2165.09,2053.60" sx="M,M,M,M"/><TAIKYOKU oya="0"/><INIT seed="0,0,0,0,5,127" ten="250,250,250,250" oya="0" hai0="85,75,47,82,76,112,108,34,109,94,3,5,120" hai1="18,33,107,73,92,11,7,17,96,36,81,52,80" hai2="54,23,55,71,37,60,45,63,24,106,113,74,131" hai3="22,62,4,46,9,51,8,84,101,69,115,124,32"/><T110/><D112/><U68/><E107/><V12/><F113/><W103/><G115/><T26/><D120/><U27/><E36/><V128/><F106/><W126/><G32/><T77/><D94/><U79/><E68/><V99/><F74/><W30/><G84/><T88/><D75/><U48/><E80/><V78/><F78/><W132/><G132/><T41/><D3/><U121/><E121/><V135/><F135/><W72/><G72/><T14/><D5/><U29/><E11/><V95/><F12/><W53/><G69/><T31/><REACH who="0" step="1"/><D14/><REACH who="0" ten="240,250,250,250" step="2"/><U123/><E7/><V16/><F95/><W61/><G4/><T100/><D100/><U1/><E1/><V50/><F99/><W102/><G124/><T10/><D10/><N who="3" m="4201" /><G126/><T42/><D42/><U118/><E123/><V104/><F104/><W43/><G43/><T15/><D15/><U70/><E118/><V35/><F37/><AGARI ba="0,1" hai="26,31,34,37,41,47,76,77,82,85,88,108,109,110" machi="37" ten="40,12000,1" yaku="1,1,14,1,10,1,54,1,53,1" doraHai="127" doraHaiUra="40" who="0" fromWho="2" sc="240,130,250,0,250,-120,250,0" /><INIT seed="0,1,0,3,1,95" ten="370,250,130,250" oya="0" hai0="29,98,7,79,72,96,82,89,92,21,13,26,117" hai1="64,63,56,54,101,23,51,102,90,44,115,124,84" hai2="114,116,99,130,16,55,35,3,71,85,1,67,120" hai3="94,122,43,118,25,109,46,49,110,34,20,58,97"/><T38/><D117/><U31/><E124/><V47/><F114/><W14/><G118/><T28/><D38/><U111/><E111/><N who="3" m="42506" /><G122/><T69/><D69/><U68/><E115/><V128/><F116/><W121/><G121/><T134/><D134/><U66/><E66/><V113/><F113/><W75/><G75/><T33/><D7/><U32/><E32/><V11/><F35/><W36/><G34/><T39/><D39/><U9/><E9/><V135/><F120/><W53/><G14/><T6/><D29/><U59/><E59/><V37/><F135/><W119/><G119/><T87/><REACH who="0" step="1"/><D21/><REACH who="0" ten="360,250,130,250" step="2"/><U83/><E68/><V65/><F37/><W61/><G20/><T5/><D5/><U45/><E31/><V19/><F71/><W86/><G36/><T40/><D40/><U131/><E23/><V107/><F11/><AGARI ba="1,1" hai="6,11,13,26,28,33,72,79,82,87,89,92,96,98" machi="11" ten="40,7700,0" yaku="1,1,52,2,53,0" doraHai="95" doraHaiUra="18" who="0" fromWho="2" sc="360,90,250,0,130,-80,250,0" /><INIT seed="0,2,0,5,0,110" ten="450,250,50,250" oya="0" hai0="12,42,53,44,65,135,92,95,40,59,104,13,106" hai1="34,61,6,77,130,18,23,133,87,20,45,3,58" hai2="11,91,100,35,73,99,105,46,69,74,123,64,132" hai3="76,17,38,103,25,50,90,43,81,107,48,67,28"/><T1/><D1/><U62/><E34/><V111/><F123/><W36/><G67/><T102/><D135/><U63/><E130/><V5/><F111/><W8/><G90/><T88/><D104/><U72/><E72/><V116/><F132/><W71/><G71/><T124/><D106/><U60/><E133/><V4/><F116/><W32/><G103/><T22/><D65/><U47/><E6/><V83/><F5/><W27/><G107/><T112/><D112/><U51/><E3/><V10/><F10/><W68/><G68/><T52/><D124/><U26/><E51/><V101/><F101/><W41/><G38/><T75/><D75/><U94/><E23/><V66/><F66/><W97/><G97/><N who="0" m="59687" /><D44/><U93/><E93/><V134/><F134/><W119/><G119/><T30/><D30/><U49/><E49/><V108/><F35/><W82/><G82/><T115/><D115/><U15/><E26/><V126/><F46/><W39/><G39/><T7/><D12/><U86/><E86/><N who="2" m="50655" /><F126/><W84/><G27/><T14/><D13/><U29/><E29/><V79/><F79/><W37/><G37/><T85/><D53/><N who="1" m="33871" /><E77/><V33/><F33/><W0/><G0/><T9/><D22/><U2/><E2/><N who="2" m="407" /><F108/><W117/><G117/><T109/><D109/><U78/><E78/><V54/><F54/><W125/><G125/><T80/><D95/><U24/><E24/><V16/><F16/><W114/><G114/><T70/><D70/><U98/><E87/><V89/><F89/><AGARI ba="2,0" hai="15,18,20,45,47,61,62,63,89,94,98" m="33871" machi="89" ten="30,1000,0" yaku="8,1" doraHai="110" who="1" fromWho="2" sc="450,0,250,16,50,-16,250,0" /><INIT seed="1,0,0,5,2,14" ten="450,266,34,250" oya="1" hai0="108,119,60,58,70,68,111,52,34,90,4,69,132" hai1="130,100,15,36,18,86,77,32,62,54,5,6,95" hai2="46,56,67,131,66,65,29,88,134,127,11,101,25" hai3="112,93,33,74,24,135,43,50,120,91,13,84,28"/><U30/><E130/><V23/><F131/><W80/><G120/><T98/><D34/><U104/><E36/><V83/><F134/><W42/><G112/><T107/><D4/><U40/><E40/><V57/><F127/><W110/><G110/><N who="0" m="42027" /><D132/><U109/><E109/><V51/><F101/><W123/><G123/><T53/><D119/><U89/><E77/><V116/><F116/><W79/><G135/><T59/><D90/><U105/><E30/><V27/><F27/><W1/><G1/><T126/><D98/><U20/><E32/><V85/><REACH who="2" step="1"/><F11/><REACH who="2" ten="450,266,24,250" step="2"/><W12/><G43/><AGARI ba="0,1" hai="23,25,29,43,46,51,56,57,65,66,67,83,85,88" machi="43" ten="40,8000,1" yaku="1,1,2,1,8,1,54,1,53,0" doraHai="14" doraHaiUra="8" who="2" fromWho="3" sc="450,0,266,0,24,90,250,-80" /><INIT seed="2,0,0,2,0,119" ten="450,266,114,170" oya="2" hai0="82,15,94,102,4,110,133,8,125,47,36,72,112" hai1="63,98,38,22,129,109,76,114,37,95,123,69,60" hai2="2,80,135,26,71,42,106,34,55,108,49,45,99" hai3="39,68,31,66,12,87,5,10,131,105,134,111,43"/><V122/><F135/><W28/><G134/><T81/><D133/><U77/><E109/><V48/><F2/><W25/><G111/><T51/><D110/><U61/><E114/><V89/><F108/><W101/><G131/><T17/><D112/><U130/><E69/><V116/><F116/><W79/><G31/><T74/><D36/><N who="1" m="13931" /><E22/><V128/><F128/><N who="1" m="49257" /><E123/><V19/><F71/><W53/><G53/><T107/><D107/><U120/><E120/><V86/><F122/><W11/><G11/><T7/><D125/><U91/><AGARI ba="0,0" hai="60,61,63,76,77,91,95,98" m="49257,13931" machi="91" ten="40,1500,0" yaku="19,1" doraHai="119" who="1" fromWho="1" sc="450,-4,266,15,114,-7,170,-4" /><INIT seed="3,0,0,5,1,4" ten="446,281,107,166" oya="3" hai0="15,98,125,122,43,132,40,32,100,21,93,129,47" hai1="27,76,86,109,58,53,42,12,83,117,81,75,108" hai2="97,106,2,9,73,38,33,29,71,74,70,101,39" hai3="6,111,131,51,18,62,102,134,65,104,25,135,79"/><W89/><G131/><T90/><D122/><U45/><E117/><V54/><F54/><W56/><G79/><T91/><D32/><U128/><E128/><V59/><F59/><W105/><G111/><N who="1" m="42570" /><E27/><V57/><F57/><W17/><G51/><T49/><D129/><U113/><E113/><V1/><F29/><W124/><G124/><T121/><D121/><U107/><E107/><V68/><F33/><W69/><G69/><T112/><D132/><N who="3" m="50729" /><G6/><T13/><D125/><U28/><E12/><N who="0" m="4681" /><D112/><U36/><E28/><V10/><F10/><W22/><G89/><N who="0" m="33803" /><D21/><U118/><E118/><V20/><F20/><N who="3" m="13455" /><G102/><T116/><D116/><U96/><E83/><V41/><F41/><AGARI ba="0,0" hai="40,41,43,47,49,93,98,100" m="33803,4681" machi="41" ten="30,1000,0" yaku="8,1" doraHai="4" who="0" fromWho="2" sc="446,10,281,0,107,-10,166,0" /><INIT seed="4,0,0,4,3,89" ten="456,281,97,166" oya="0" hai0="18,133,77,132,96,109,16,56,102,115,78,76,75" hai1="5,42,80,64,43,23,50,24,55,39,85,21,57" hai2="123,22,79,61,66,59,86,135,70,25,52,67,45" hai3="92,125,30,34,121,112,6,130,13,20,38,99,53"/><T126/><D75/><U106/><E106/><V94/><F123/><W73/><G73/><T37/><D115/><U69/><E5/><V19/><F135/><N who="0" m="51786" /><D126/><U119/><E119/><V100/><F70/><W95/><G121/><T29/><D37/><U113/><E113/><V9/><F79/><W11/><G112/><T97/><D109/><U116/><E116/><V83/><F83/><W17/><G38/><T2/><D2/><U32/><E32/><V81/><F81/><W98/><G125/><T74/><D74/><U111/><E111/><V88/><F100/><N who="3" m="60487" /><G34/><T72/><D72/><U91/><E39/><V84/><F84/><W48/><G130/><T35/><D56/><U33/><E33/><V71/><F71/><W0/><G0/><T62/><D62/><N who="1" m="37967" /><E69/><V10/><F45/><N who="3" m="27791" /><G30/><T1/><D1/><U58/><E21/><V3/><REACH who="2" step="1"/><F10/><REACH who="2" ten="456,281,87,166" step="2"/><W36/><G36/><T51/><D102/><U54/><E85/><V65/><F65/><W107/><G107/><T27/><D96/><U127/><E127/><V31/><F31/><W7/><G11/><T110/><D97/><U104/><E80/><V105/><F105/><W120/><G120/><T103/><D103/><AGARI ba="0,1" hai="6,7,13,17,20,95,99,103" m="27791,60487" machi="103" ten="30,3900,0" yaku="8,1,52,2" doraHai="89" who="3" fromWho="0" sc="456,-39,281,0,87,0,166,49" /><INIT seed="5,0,0,2,3,52" ten="417,281,87,215" oya="1" hai0="132,88,7,48,93,9,100,29,49,66,45,105,63" hai1="53,125,106,15,11,24,44,8,103,55,12,31,62" hai2="134,76,67,107,98,74,22,109,80,84,71,40,30" hai3="34,77,122,79,83,21,50,131,5,124,61,36,94"/><U114/><E114/><V51/><F109/><W102/><G34/><T60/><D132/><U96/><E125/><V90/><F134/><W57/><G36/><T95/><D105/><U73/><E73/><V1/><F1/><W3/><G122/><T89/><D100/><U120/><E120/><V56/><F71/><W2/><G124/><T16/><D29/><U59/><E44/><V4/><F4/><W68/><G68/><T78/><D78/><U135/><E135/><V85/><F40/><W64/><G131/><T118/><D118/><U18/><E55/><V111/><F111/><W82/><G50/><T17/><D45/><U87/><E87/><V37/><F37/><W32/><G32/><T10/><D66/><U119/><E119/><V20/><F51/><W108/><G108/><T129/><D129/><U38/><E38/><V126/><F30/><W13/><G3/><T42/><D7/><U0/><E0/><V41/><F41/><AGARI ba="0,0" hai="9,10,16,17,41,42,48,49,60,63,88,89,93,95" machi="41" ten="25,8000,1" yaku="22,2,8,1,54,2" doraHai="52" who="0" fromWho="2" sc="417,80,281,0,87,-80,215,0" /><INIT seed="6,0,0,4,3,135" ten="497,281,7,215" oya="2" hai0="40,61,19,85,21,99,120,81,104,94,78,20,88" hai1="48,49,58,12,35,50,130,123,15,24,122,71,22" hai2="13,109,63,59,4,55,114,9,30,127,107,103,8" hai3="106,74,64,46,100,1,80,133,23,102,134,72,52"/><V57/><F114/><W29/><G1/><T108/><D108/><U39/><E71/><V36/><F36/><W84/><G64/><T87/><D120/><N who="1" m="46123" /><E39/><V132/><F132/><N who="3" m="50795" /><G29/><T14/><D104/><U93/><E130/><V116/><F116/><W131/><G23/><T25/><D40/><U91/><E58/><V3/><F109/><W83/><G131/><T51/><D51/><U27/><E35/><V16/><F127/><W117/><G117/><T105/><D105/><U53/><E53/><V101/><F107/><W65/><G65/><T110/><D110/><U28/><E27/><V17/><F30/><W6/><G6/><T42/><D42/><U56/><E56/><V33/><F33/><W118/><G118/><T129/><D129/><U82/><E82/><N who="3" m="31274" /><G84/><AGARI ba="0,0" hai="12,15,22,24,28,48,49,50,84,91,93" m="46123" machi="84" ten="30,1000,0" yaku="13,1" doraHai="135" who="1" fromWho="3" sc="497,0,281,10,7,0,215,-10" /><INIT seed="7,0,0,1,4,43" ten="497,291,7,205" oya="3" hai0="45,127,18,62,1,107,24,63,42,36,98,133,120" hai1="61,16,83,20,121,113,56,134,75,21,3,130,106" hai2="32,116,52,46,54,34,11,19,118,26,112,51,27" hai3="92,128,126,78,125,67,115,111,12,74,13,94,29"/><W109/><G128/><T2/><D120/><U10/><E121/><V35/><F112/><W81/><G67/><T91/><D133/><U117/><E106/><V53/><F11/><W85/><G29/><T79/><D79/><U72/><E113/><V69/><F19/><W84/><G115/><T38/><D38/><U58/><E134/><V132/><F132/><W90/><G12/><T123/><D123/><U22/><E130/><V131/><F131/><W99/><G13/><T124/><D1/><U103/><E103/><V65/><F65/><W89/><G99/><T122/><D2/><U6/><E117/><V76/><F76/><W0/><G0/><T71/><D122/><U49/><E83/><V48/><F69/><W44/><G44/><T73/><D73/><U129/><E129/><V66/><F66/><W15/><G15/><T114/><D114/><U17/><E72/><V30/><F30/><W105/><G105/><T55/><D71/><U88/><E75/><V28/><F28/><W9/><G9/><T31/><D107/><U119/><E119/><V39/><F39/><W86/><G74/><T80/><D31/><U23/><E17/><V82/><F82/><W47/><G47/><T7/><D7/><U101/><E22/><V104/><F104/><W57/><G57/><N who="0" m="35135" /><D80/><U40/><E21/><V70/><F70/><W97/><G97/><T87/><D98/><U64/><E23/><V77/><F77/><W59/><G59/><T108/><D45/><U110/><E20/><V135/><F135/><W5/><G5/><T100/><D18/><U33/><E6/><RYUUKYOKU ba="0,0" sc="497,-10,291,-10,7,-10,205,30" hai3="78,81,84,85,86,89,90,92,94,109,111,125,126" owari="487,58.0,281,8.0,-3,-50.0,235,-16.0" /></mjloggm>