<mjloggm ver="2.3"><GO type="185" lobby="0"/><UN n0="%E5%8C%97%E5%B2%A1%E3%81%BE%E3%81%A4%E3%81%9F%E3%81%91" n1="%E3%82%B2%E3%83%B3%E3%82%BA" n2="%E6%9C%9D%E7%AB%8B%E3%81%A1%E5%93%B2%E4%B9%9F" n3="" dan="16,16,16,0" rate="2254.06,2072.66,2188.48,1500.00" sx="F,M,M,C"/><TAIKYOKU oya="0"/><INIT seed="0,0,0,2,3,129" ten="350,350,350,0" oya="0" hai0="106,78,97,102,126,66,48,80,121,85,111,83,117" hai1="114,49,133,101,65,52,47,56,64,107,53,46,79" hai2="62,39,73,57,60,94,50,54,125,36,42,132,77" hai3=""/><T104/><N who="0" m="31008" /><T37/><D117/><U44/><E79/><V89/><F125/><T41/><D126/><U112/><E107/><V70/><F132/><T34/><D34/><U58/><E101/><V108/><F108/><T92/><D37/><U40/><E40/><V90/><F62/><T119/><D119/><U135/><E47/><V96/><F73/><T71/><D111/><U109/><REACH who="1" step="1"/><E49/><REACH who="1" ten="350,340,350,0" step="2"/><V3/><F77/><T110/><D110/><AGARI ba="0,1" hai="44,46,52,53,56,58,64,65,109,110,112,114,133,135" machi="110" ten="25,16000,3" yaku="1,1,2,1,22,2,34,3,52,2,54,1,53,0" doraHai="129" doraHaiUra="95" who="1" fromWho="0" sc="350,-160,340,170,350,0,0,0" /><INIT seed="1,0,0,3,3,45" ten="190,510,350,0" oya="1" hai0="65,107,85,38,49,77,84,111,102,88,92,122,48" hai1="41,39,61,62,109,67,106,97,129,37,34,32,108" hai2="57,94,82,118,132,135,76,54,115,119,75,36,134" hai3=""/><U33/><E129/><V93/><F36/><T78/><N who="0" m="31264" /><T131/><D38/><U70/><E62/><V101/><F115/><T80/><D131/><U116/><E116/><N who="2" m="44587" /><F101/><T73/><D111/><N who="1" m="42571" /><E41/><V2/><F2/><T55/><D65/><U72/><E72/><V121/><N who="2" m="31008" /><V86/><F75/><T63/><D107/><U133/><E133/><V59/><F59/><T126/><D102/><AGARI ba="0,0" hai="32,33,34,37,39,61,67,70,97,102,106" m="42571" machi="102" ten="40,7700,0" yaku="14,1,10,1,23,1" doraHai="45" who="1" fromWho="0" sc="190,-77,510,77,350,0,0,0" /><INIT seed="1,1,0,3,3,103" ten="113,587,350,0" oya="1" hai0="71,125,88,53,74,82,51,132,47,99,32,54,34" hai1="79,108,55,44,113,126,65,73,62,135,48,56,112" hai2="120,123,95,67,110,83,39,59,33,42,64,118,46" hai3=""/><U3/><E3/><V106/><N who="2" m="30752" /><V81/><N who="2" m="31520" /><V96/><F33/><T69/><D125/><U89/><E126/><V127/><F127/><T129/><D132/><U66/><E135/><V134/><F118/><T111/><D129/><U100/><E66/><V85/><F134/><T128/><D128/><U93/><E100/><V76/><F110/><T105/><D111/><U41/><E108/><V86/><F59/><T63/><D69/><U117/><E117/><V2/><F2/><T0/><D0/><U101/><E101/><V115/><F115/><T36/><D105/><U1/><E1/><V109/><F109/><T130/><D36/><U122/><N who="1" m="31264" /><U37/><E79/><V131/><F106/><T98/><D71/><U80/><E80/><V84/><F131/><T133/><D74/><U87/><REACH who="1" step="1"/><E73/><REACH who="1" ten="113,577,350,0" step="2"/><V38/><F67/><T72/><D72/><U75/><E75/><V70/><F83/><T68/><D130/><U78/><E78/><V114/><F64/><T57/><D133/><U77/><E77/><V61/><F81/><T58/><D32/><U119/><E119/><V107/><F76/><T104/><D34/><U124/><E124/><V91/><F91/><T49/><D104/><U102/><E102/><RYUUKYOKU type="nm" ba="1,1" sc="113,60,577,-40,350,-20,0,0" hai1="37,41,44,48,55,56,62,65,87,89,93,112,113" /><INIT seed="1,2,1,5,4,128" ten="173,537,330,0" oya="1" hai0="58,94,61,98,96,41,102,72,45,106,39,75,74" hai1="46,80,53,95,63,134,87,66,64,132,68,60,119" hai2="90,79,99,114,110,42,48,82,111,57,84,62,33" hai3=""/><U97/><E119/><V78/><F114/><T120/><N who="0" m="30752" /><T65/><REACH who="0" step="1"/><D74/><REACH who="0" ten="163,537,330,0" step="2"/><U71/><E53/><V92/><F33/><T35/><D35/><U2/><E2/><V36/><F111/><T104/><D104/><U76/><REACH who="1" step="1"/><E46/><REACH who="1" ten="163,527,330,0" step="2"/><V93/><F110/><T130/><D130/><U109/><E109/><V40/><F40/><T121/><N who="0" m="31008" /><T54/><D54/><U122/><N who="1" m="31264" /><U81/><E81/><V135/><F82/><T133/><D133/><U127/><E127/><V32/><F135/><T88/><AGARI ba="2,3" hai="39,41,45,58,61,65,72,75,88,94,96,98,102,106" m="31008,30752" machi="88" ten="20,9000,2" yaku="1,1,0,1,7,1,52,2,54,1,53,0" doraHai="128" doraHaiUra="44" who="0" fromWho="0" sc="163,124,527,-62,330,-32,0,0" /><INIT seed="2,0,0,5,2,112" ten="287,465,298,0" oya="2" hai0="85,101,115,59,53,0,89,66,65,135,78,129,36" hai1="130,126,71,87,48,82,60,68,73,2,43,70,42" hai2="131,79,119,74,100,107,134,72,47,50,76,64,124" hai3=""/><V92/><F64/><T61/><D115/><U96/><E2/><V122/><N who="2" m="31264" /><V57/><F57/><T1/><D129/><U104/><E73/><N who="2" m="28267" /><F50/><T56/><D36/><U121/><N who="1" m="31008" /><U34/><E34/><V69/><F47/><T3/><D78/><N who="2" m="29738" /><F69/><T80/><D135/><U86/><E60/><V133/><F131/><T114/><D114/><U128/><E130/><V118/><F107/><T58/><D66/><U83/><E128/><V120/><N who="2" m="30752" /><V35/><F35/><T116/><D53/><U51/><E104/><V109/><F124/><T75/><D75/><U99/><E71/><V38/><F38/><T40/><D40/><U49/><E49/><V67/><F67/><T39/><D39/><U97/><E126/><V84/><F109/><T81/><D65/><U123/><N who="1" m="31520" /><U88/><E70/><V54/><F54/><T105/><D61/><U63/><E68/><V46/><F46/><T113/><D113/><U45/><E63/><V108/><F108/><T125/><D125/><U77/><E51/><V33/><F33/><T55/><D55/><AGARI ba="0,0" hai="42,43,45,48,55,77,82,83,86,87,88,96,97,99" m="31520,31008" machi="55" ten="40,8000,1" yaku="8,1,52,2,54,1" doraHai="112" who="1" fromWho="0" sc="287,-80,465,80,298,0,0,0" /><INIT seed="4,0,0,0,5,110" ten="207,545,298,0" oya="0" hai0="117,53,92,2,111,57,112,54,0,115,69,48,114" hai1="42,121,125,63,86,47,103,37,120,129,78,70,76" hai2="113,79,41,72,116,124,128,59,32,106,40,100,95" hai3=""/><T96/><D111/><U99/><N who="1" m="30752" /><U82/><N who="1" m="31008" /><U66/><E125/><V83/><F32/><T101/><D69/><U98/><E129/><V58/><F128/><T104/><D117/><U102/><E103/><V50/><F124/><T34/><D34/><U89/><E99/><V3/><F3/><N who="0" m="1066" /><D54/><U108/><REACH who="1" step="1"/><E108/><REACH who="1" ten="207,535,298,0" step="2"/><V35/><F100/><T68/><D68/><U133/><E133/><V94/><F35/><T87/><D87/><U126/><E126/><V132/><F132/><T64/><D64/><U91/><E91/><V97/><F97/><T49/><D49/><U85/><E85/><V56/><F50/><T118/><D118/><U44/><E44/><V1/><F1/><T135/><D135/><U84/><E84/><V88/><F88/><T80/><D80/><U38/><E38/><V45/><F45/><T130/><D130/><U134/><E134/><V81/><F116/><T74/><D74/><U93/><AGARI ba="0,1" hai="37,42,47,63,66,70,76,78,82,86,89,93,98,102" m="31008,30752" machi="93" ten="20,9000,2" yaku="1,1,0,1,7,1,52,2,53,2" doraHai="110" doraHaiUra="119" who="1" fromWho="1" sc="207,-60,535,100,298,-30,0,0" /><INIT seed="5,0,0,5,1,130" ten="147,635,268,0" oya="1" hai0="131,93,65,74,100,57,106,0,121,111,126,73,125" hai1="48,92,67,37,124,113,99,78,96,84,70,107,105" hai2="56,62,82,80,109,2,32,40,87,81,50,75,102" hai3=""/><U38/><E113/><V79/><F109/><T61/><N who="0" m="31008" /><T69/><D0/><U35/><E35/><V47/><F32/><T108/><D131/><U58/><E124/><V3/><F102/><T127/><D57/><U43/><E70/><V133/><F82/><T49/><D93/><U129/><E129/><V120/><N who="2" m="30752" /><V94/><F94/><T110/><D49/><U128/><E128/><V112/><F112/><T46/><D46/><U134/><E67/><V77/><F133/><T95/><D95/><U59/><E48/><V117/><F117/><T91/><D91/><U44/><E44/><V98/><F98/><AGARI ba="0,0" hai="61,65,69,73,74,98,100,106,108,110,111,125,126,127" m="31008" machi="98" ten="50,8000,1" yaku="18,1,23,2,52,1" doraHai="130" who="0" fromWho="2" sc="147,80,635,0,268,-80,0,0" /><INIT seed="6,0,0,5,1,98" ten="227,635,188,0" oya="2" hai0="129,85,73,59,86,122,57,37,95,120,88,101,53" hai1="94,121,82,84,111,103,132,109,44,126,80,76,90" hai2="55,134,61,113,52,46,67,102,135,45,35,93,79" hai3=""/><V3/><F3/><T107/><N who="0" m="30752" /><T56/><N who="0" m="31264" /><T124/><D37/><U68/><N who="1" m="31008" /><U110/><E68/><V62/><F35/><T49/><D73/><U64/><E64/><V118/><F79/><T130/><D124/><U63/><E63/><V58/><F118/><T36/><D36/><U104/><E126/><V100/><F93/><T51/><D51/><U43/><E132/><N who="2" m="50731" /><F113/><T72/><D72/><U112/><E112/><V128/><F128/><N who="0" m="49258" /><D86/><U92/><E92/><V91/><F91/><T2/><D2/><U89/><E89/><V60/><F102/><T97/><AGARI ba="0,0" hai="49,53,56,57,59,85,88,95,97,101,107" m="49258,31264,30752" machi="97" ten="30,6000,1" yaku="19,1,52,3,54,1" doraHai="98" who="0" fromWho="0" sc="227,60,635,-20,188,-40,0,0" owari="287,-11.0,615,56.0,148,-45.0,0,0.0" /></mjloggm>