<mjloggm ver="2.3"><GO type="169" lobby="0"/><UN n0="%E3%82%BF%E3%82%B1%E3%83%A4%E3%83%9E" n1="%7A%6F%6F%31%39%36%34" n2="%E5%85%AC%E5%8B%99%E5%93%A1%E3%81%8F%E3%82%93" n3="%41%4D%41%4C%49%41" dan="17,18,16,16" rate="2202.70,2239.11,2009.34,2026.53" sx="M,M,F,M"/><TAIKYOKU oya="0"/><INIT seed="0,0,0,4,5,105" ten="250,250,250,250" oya="0" hai0="54,25,101,76,63,100,61,135,65,50,9,69,103" hai1="47,46,94,0,15,4,28,128,127,33,131,123,2" hai2="82,88,92,18,90,104,132,111,126,102,38,130,51" hai3="89,116,112,1,85,75,27,83,77,58,121,14,30"/><T107/><D135/><U49/><E123/><V6/><F38/><W87/><G112/><T64/><D9/><U115/><E115/><V43/><F132/><W19/><G1/><T23/><D76/><U97/><E127/><V48/><F126/><W22/><G121/><T81/><D81/><U59/><E59/><V114/><F114/><W80/><G58/><T96/><D50/><U84/><E84/><V7/><F18/><W118/><REACH who="3" step="1"/><G87/><REACH who="3" ten="250,250,250,240" step="2"/><T44/><D44/><U35/><E47/><V34/><F130/><W62/><G62/><T99/><D99/><U93/><E97/><V10/><F111/><W37/><G37/><T72/><D72/><U24/><E2/><V106/><F48/><W5/><G5/><T124/><D124/><U66/><E0/><V55/><F51/><W39/><G39/><T91/><D96/><U129/><E49/><V29/><F7/><W110/><G110/><T67/><D61/><U53/><E46/><V98/><F6/><W21/><AGARI ba="0,1" hai="14,19,21,22,27,30,75,77,80,83,85,89,116,118" machi="21" ten="20,5200,0" yaku="1,1,0,1,7,1,52,1,53,0" doraHai="105" doraHaiUra="109" who="3" fromWho="3" sc="250,-26,250,-13,250,-13,240,62" /><INIT seed="1,0,0,3,1,1" ten="224,237,237,302" oya="1" hai0="32,30,85,130,6,103,24,33,80,41,71,110,104" hai1="69,134,15,102,106,50,92,107,4,83,126,86,59" hai2="116,9,81,82,124,3,66,35,63,128,45,88,121" hai3="38,91,117,36,90,87,114,7,52,14,2,44,61"/><U13/><E69/><V101/><F121/><W112/><G2/><T129/><D110/><U34/><E34/><V20/><F116/><W21/><G117/><T16/><D41/><U113/><E113/><V56/><F35/><W37/><G91/><T84/><D32/><U67/><E134/><V108/><F108/><W62/><G62/><T123/><D123/><U111/><E126/><V54/><F128/><N who="0" m="49258" /><D71/><U22/><E15/><V99/><F124/><W43/><G21/><T40/><D40/><U127/><E22/><V74/><F20/><W10/><G114/><T23/><D6/><U131/><E127/><V12/><F3/><W95/><REACH who="3" step="1"/><G112/><REACH who="3" ten="224,237,237,292" step="2"/><T58/><D33/><U64/><E131/><V17/><F88/><W70/><G70/><T49/><D23/><U94/><E111/><V11/><F74/><W119/><G119/><T77/><D77/><U135/><E135/><V133/><F133/><W26/><G26/><T115/><D24/><U72/><E67/><V57/><F9/><W47/><G47/><T28/><D115/><U75/><E64/><V60/><REACH who="2" step="1"/><F45/><REACH who="2" ten="224,237,227,292" step="2"/><W89/><G89/><T100/><D100/><U25/><E102/><V122/><F122/><W5/><G5/><T53/><D103/><U68/><E4/><V79/><F79/><W78/><G78/><T19/><D58/><AGARI ba="0,2" hai="7,10,14,36,37,38,43,44,52,58,61,87,90,95" machi="58" ten="40,8000,1" yaku="1,1,52,1,54,1,53,1" doraHai="1" doraHaiUra="8" who="3" fromWho="0" sc="224,-80,237,0,227,0,292,100" /><INIT seed="2,0,0,1,1,28" ten="144,237,227,392" oya="2" hai0="41,25,90,35,103,56,71,109,50,4,64,101,19" hai1="51,75,23,44,57,88,16,26,61,69,36,106,81" hai2="87,129,10,131,55,110,86,82,31,43,32,114,128" hai3="6,22,53,14,27,97,5,40,125,24,93,68,77"/><V12/><F114/><W107/><G107/><T116/><D109/><U70/><E36/><V18/><F43/><W98/><G68/><T45/><D116/><U63/><E106/><V76/><F110/><W115/><G115/><T39/><D4/><U60/><E57/><V78/><F55/><W124/><G40/><T21/><D90/><U123/><E123/><V34/><F31/><W1/><G1/><T58/><D58/><U17/><E17/><V67/><F67/><W105/><G105/><T33/><D71/><U104/><E104/><V121/><F121/><W42/><G42/><T7/><D7/><U8/><E8/><V74/><F74/><W2/><G77/><T46/><D46/><U65/><E65/><V95/><F95/><W91/><G2/><T108/><D108/><U49/><E49/><V89/><F89/><W30/><G53/><T118/><D118/><U73/><E73/><V113/><F113/><W48/><G48/><T111/><D111/><U80/><E81/><AGARI ba="0,0" hai="10,12,18,32,34,76,78,81,82,86,87,128,129,131" machi="81" ten="40,12000,1" yaku="9,1,19,1,52,2" doraHai="28" who="2" fromWho="1" sc="144,0,237,-120,227,120,392,0" /><INIT seed="2,1,0,3,5,87" ten="144,117,347,392" oya="2" hai0="57,132,79,75,66,113,124,56,74,81,11,115,32" hai1="15,46,85,123,68,67,12,92,94,54,16,65,100" hai2="50,31,120,21,8,105,106,30,73,84,126,96,37" hai3="33,45,128,117,69,91,22,55,25,134,103,80,34"/><V95/><F120/><W127/><G117/><T41/><D32/><U39/><E123/><V51/><F37/><W17/><G69/><T86/><D132/><U29/><E29/><V133/><F133/><W135/><G103/><T97/><D124/><U116/><E116/><V108/><F126/><W6/><G127/><T111/><D111/><U90/><E68/><V58/><F73/><W70/><G70/><T44/><D75/><U20/><E15/><V98/><F108/><W2/><G34/><T83/><D97/><N who="1" m="59447" /><E39/><V82/><F8/><W64/><G64/><N who="1" m="24650" /><E46/><V110/><F110/><W112/><G33/><T24/><D24/><U61/><E61/><V131/><F131/><W18/><G128/><T53/><D66/><U4/><E54/><V1/><F1/><W102/><G112/><T93/><D44/><U3/><E3/><V89/><F30/><W27/><G55/><T72/><D113/><U114/><E114/><V13/><F98/><W104/><G45/><T0/><D0/><U23/><E4/><V7/><F31/><W43/><G6/><T42/><D53/><U9/><AGARI ba="1,0" hai="9,12,16,20,23,85,90,92" m="24650,59447" machi="9" ten="30,4000,0" yaku="8,1,52,1,54,1" doraHai="87" who="1" fromWho="1" sc="144,-11,117,43,347,-21,392,-11" /><INIT seed="3,0,0,2,4,47" ten="133,160,326,381" oya="3" hai0="64,130,6,118,55,71,105,88,51,120,41,72,40" hai1="122,102,34,125,114,113,91,59,107,103,49,89,119" hai2="57,94,128,14,54,31,12,23,63,123,58,110,42" hai3="13,30,131,96,127,98,16,67,73,45,124,99,66"/><W19/><G73/><T7/><D118/><U83/><E34/><V36/><F110/><W39/><G30/><T101/><D130/><U81/><E122/><V82/><F128/><W97/><G131/><T95/><D120/><U28/><E28/><V62/><F123/><W115/><G115/><T33/><D33/><U78/><E125/><N who="3" m="48202" /><G99/><T84/><D72/><U85/><E119/><V90/><F82/><W77/><G77/><T10/><D71/><U24/><E24/><V35/><F35/><W135/><G135/><T70/><D70/><U37/><E37/><V133/><F133/><W46/><G19/><T53/><D64/><N who="3" m="24617" /><G39/><T132/><D132/><U43/><E91/><V65/><F36/><W52/><G52/><N who="0" m="20043" /><D105/><U121/><E121/><V106/><F42/><W1/><G1/><T76/><D40/><U50/><E59/><V109/><F109/><W126/><G126/><T3/><D3/><U87/><E43/><V25/><REACH who="2" step="1"/><F106/><REACH who="2" ten="133,160,316,381" step="2"/><W117/><G117/><T80/><D101/><U20/><E107/><V75/><F75/><W48/><G48/><N who="1" m="18538" /><E114/><V129/><F129/><W104/><G104/><T116/><D116/><U68/><E113/><V2/><F2/><W11/><AGARI ba="0,1" hai="11,13,16,45,46,96,97,98" m="24617,48202" machi="11" ten="40,3900,0" yaku="18,1,54,1" doraHai="47" who="3" fromWho="3" sc="133,-13,160,-13,316,-13,381,49" /><INIT seed="3,1,0,0,3,6" ten="120,147,303,430" oya="3" hai0="96,40,4,93,78,0,83,26,68,19,66,8,24" hai1="28,107,108,11,13,112,7,10,64,109,2,82,111" hai2="102,131,81,59,100,92,55,34,99,38,33,77,5" hai3="21,86,27,52,73,106,23,114,91,79,46,31,69"/><W117/><G114/><T51/><D68/><U56/><E112/><V120/><F131/><W30/><G117/><T50/><D66/><U67/><E107/><V74/><F38/><W75/><G69/><T110/><D110/><U116/><E116/><V105/><F120/><W133/><G106/><T37/><D50/><U94/><E28/><V124/><F124/><W85/><G133/><T32/><D51/><U101/><E82/><V63/><F100/><W97/><G97/><T89/><D19/><N who="1" m="8631" /><E56/><V45/><F45/><W47/><G91/><T41/><D41/><U1/><E1/><V61/><F61/><W12/><G12/><T84/><REACH who="0" step="1"/><D32/><REACH who="0" ten="110,147,303,430" step="2"/><U132/><E132/><V29/><F33/><W54/><G27/><T121/><D121/><U65/><E65/><V87/><F34/><W127/><G79/><T39/><D39/><U128/><E128/><V134/><F134/><W17/><G17/><T25/><D25/><U119/><E119/><V88/><F29/><W57/><G57/><T62/><D62/><U122/><E122/><V115/><F115/><W35/><G35/><T16/><D16/><U15/><E67/><V125/><F5/><W129/><G129/><T58/><D58/><U113/><E64/><V70/><F125/><AGARI ba="1,1" hai="21,23,30,31,46,47,52,54,73,75,85,86,125,127" machi="125" ten="25,4800,0" yaku="22,2,54,1" doraHai="6" who="3" fromWho="2" sc="110,0,147,0,303,-51,430,61" /><INIT seed="3,2,0,2,1,9" ten="110,147,252,491" oya="3" hai0="67,65,105,40,11,60,12,83,101,117,69,75,127" hai1="27,29,53,80,110,28,90,54,87,41,92,107,132" hai2="78,88,31,129,7,118,23,48,38,42,18,43,59" hai3="114,0,44,61,95,113,14,17,1,123,82,64,2"/><W96/><G123/><T37/><D117/><U51/><E107/><V99/><F118/><W85/><G44/><T20/><D127/><U86/><E110/><V10/><F129/><W115/><G82/><T133/><D133/><U119/><E132/><V72/><F38/><W111/><G111/><T33/><D33/><U25/><E119/><V93/><F31/><W58/><G85/><T36/><D67/><U16/><E41/><V130/><F130/><W5/><G5/><T131/><D131/><U62/><E62/><V15/><F78/><W49/><G49/><T52/><D20/><N who="1" m="13447" /><E27/><V8/><F72/><W112/><G112/><T106/><D40/><U126/><E126/><V6/><F8/><W120/><G120/><T108/><D108/><U71/><E71/><V57/><F6/><W32/><G32/><T109/><D109/><U4/><E4/><V47/><REACH who="2" step="1"/><F42/><REACH who="2" ten="110,147,242,491" step="2"/><W134/><G134/><T124/><D36/><U125/><E125/><V3/><AGARI ba="2,1" hai="3,7,10,15,18,23,43,47,48,57,59,88,93,99" machi="3" ten="20,12000,2" yaku="1,1,2,1,0,1,7,1,52,1,54,1,53,1" doraHai="9" doraHaiUra="13" who="2" fromWho="2" sc="110,-32,147,-32,242,136,491,-62" /><INIT seed="4,0,0,4,5,45" ten="78,115,378,429" oya="0" hai0="72,95,91,35,34,85,71,81,19,114,99,128,82" hai1="60,93,55,67,122,2,77,26,80,11,13,90,53" hai2="130,6,17,87,63,115,50,62,102,88,12,32,27" hai3="41,103,58,123,59,64,20,5,46,68,100,75,134"/><T135/><D71/><U101/><E2/><V89/><F115/><W10/><G75/><T118/><D114/><U39/><E101/><V78/><F32/><W30/><G134/><T37/><D37/><U83/><E39/><V110/><F110/><W31/><G68/><T74/><D118/><U9/><E26/><V125/><F125/><W113/><G113/><T106/><D135/><U0/><E0/><V86/><F102/><W104/><G123/><T97/><D128/><U108/><E108/><V23/><F130/><W43/><G43/><T92/><D19/><U111/><E122/><V120/><F120/><W98/><G103/><N who="0" m="62847" /><D34/><U84/><E111/><V112/><F78/><W4/><G4/><T36/><D36/><U107/><E107/><V121/><F121/><W119/><G119/><T133/><D35/><U44/><E83/><N who="0" m="31753" /><D133/><U38/><E38/><V70/><F70/><W1/><G20/><T51/><D51/><U131/><E131/><V126/><F112/><W15/><G1/><T66/><D66/><U76/><E76/><V61/><F50/><W14/><G14/><T129/><D129/><U127/><E127/><V96/><F126/><W7/><G7/><T49/><D49/><N who="1" m="28839" /><E13/><V56/><F56/><N who="3" m="21547" /><G64/><T40/><D40/><U65/><E55/><V16/><F6/><W24/><G24/><T25/><D25/><U33/><E33/><V52/><F52/><W73/><G73/><T29/><D29/><N who="3" m="10761" /><G46/><T47/><D47/><U69/><E67/><V18/><F18/><W3/><G41/><T54/><D54/><U57/><E69/><V22/><F61/><RYUUKYOKU ba="0,0" sc="78,10,115,10,378,-30,429,10" hai0="72,74,85,91,92,95,97" hai1="9,11,57,60,65,77,80,84,90,93" hai3="3,5,10,15,98,100,104" /><INIT seed="4,1,0,5,4,124" ten="88,125,348,439" oya="0" hai0="135,56,67,17,100,51,113,42,121,58,129,115,68" hai1="125,29,111,9,85,78,65,102,132,73,133,84,39" hai2="43,19,120,55,80,64,18,40,87,34,107,21,114" hai3="0,82,101,50,36,89,22,128,79,118,44,24,103"/><T130/><D121/><U105/><E39/><V31/><F120/><W15/><G128/><N who="0" m="49259" /><D135/><N who="1" m="51787" /><E125/><V20/><F107/><W30/><G36/><T96/><D68/><U1/><E111/><V123/><F123/><W57/><G0/><T69/><D69/><U53/><E65/><V97/><F97/><W119/><G119/><T25/><D67/><U46/><E29/><V110/><F55/><W62/><G15/><T94/><D17/><U72/><E102/><V47/><F110/><W75/><G89/><T71/><D71/><U16/><E105/><V91/><F114/><N who="0" m="43530" /><D25/><U11/><E78/><V74/><F64/><W33/><G118/><T7/><D7/><N who="1" m="1263" /><E53/><V41/><F19/><W8/><G8/><T32/><D32/><U63/><E63/><V60/><F60/><W106/><G33/><T117/><D117/><U77/><E46/><AGARI ba="1,0" hai="42,46,51,56,58,94,96,100" m="43530,49259" machi="46" ten="30,12000,1" yaku="19,1,15,1,52,3" doraHai="124" who="0" fromWho="1" sc="88,123,125,-123,348,0,439,0" /><INIT seed="4,2,0,2,2,71" ten="211,2,348,439" oya="0" hai0="70,33,25,77,18,96,28,82,63,20,72,10,134" hai1="98,112,100,74,24,106,120,94,67,35,11,111,51" hai2="66,92,108,16,119,124,19,121,122,50,85,105,102" hai3="104,107,34,57,113,32,42,64,22,17,59,131,84"/><T114/><D114/><U62/><E120/><V36/><F108/><W30/><G131/><T53/><D134/><U80/><E111/><V27/><F36/><W123/><G113/><T118/><D118/><U78/><E112/><V29/><F119/><W65/><G42/><T7/><D96/><U13/><E51/><V4/><F124/><W49/><G84/><T101/><D101/><U99/><E24/><V40/><F66/><W41/><G41/><T58/><D70/><U38/><E35/><V91/><F4/><W2/><G49/><T1/><REACH who="0" step="1"/><D18/><REACH who="0" ten="201,2,348,439" step="2"/><U6/><E38/><V128/><F102/><W133/><G133/><T81/><D81/><U56/><E99/><V48/><F128/><W135/><G135/><T26/><D26/><U37/><E37/><V31/><F27/><W43/><G123/><T15/><D15/><U116/><E116/><V9/><F122/><W73/><G2/><T127/><D127/><U39/><E39/><V90/><F121/><W47/><G30/><T54/><D54/><U46/><E106/><V69/><F29/><W60/><G107/><T44/><D44/><U93/><E93/><V5/><F31/><W23/><G104/><T45/><D45/><U89/><E46/><N who="2" m="25671" /><F69/><W103/><G103/><T97/><D97/><U129/><E129/><V0/><F105/><W125/><G125/><T52/><D52/><U21/><E100/><V3/><F3/><W76/><G43/><T14/><D14/><U87/><E21/><AGARI ba="2,1" hai="1,7,10,20,21,25,28,33,53,58,63,72,77,82" machi="21" ten="40,2000,0" yaku="1,1,53,0" doraHai="71" doraHaiUra="132" who="0" fromWho="1" sc="201,36,2,-26,348,0,439,0" owari="237,-16.0,-24,-52.0,348,15.0,439,53.0" /></mjloggm>