<mjloggm ver="2.3"><GO type="169" lobby="0"/><UN n0="%EF%BC%8A%EF%BC%8A%E8%8D%92%E5%B7%9D%E6%86%A9%EF%BC%8A%EF%BC%8A" n1="%6D%69%72%69%72%69" n2="%E6%9F%B4%E7%8A%AC%E3%83%AC%E3%82%AA" n3="%E5%84%84%E4%B8%87%E7%AC%91%E8%80%85" dan="17,18,16,16" rate="2129.37,2193.71,2123.80,2085.73" sx="M,M,M,M"/><TAIKYOKU oya="0"/><INIT seed="0,0,0,1,5,13" ten="250,250,250,250" oya="0" hai0="5,131,109,19,34,35,120,4,54,8,128,127,108" hai1="87,68,3,58,85,62,75,38,39,101,93,73,104" hai2="40,67,45,132,97,81,71,100,130,76,32,89,43" hai3="17,102,84,113,74,18,15,59,0,111,118,24,78"/><T56/><D120/><U25/><E104/><V117/><F130/><N who="0" m="49706" /><D127/><U55/><E3/><V133/><F32/><N who="0" m="12330" /><D56/><U103/><E68/><V33/><F33/><W69/><G69/><T98/><D98/><U90/><E25/><V22/><F117/><W96/><G113/><T7/><D54/><U91/><E75/><V107/><F40/><W126/><G126/><T41/><D41/><U92/><E73/><V86/><F22/><W12/><G118/><T20/><D8/><U2/><E2/><V42/><F42/><W30/><G74/><T64/><D64/><U27/><E27/><AGARI ba="0,0" hai="4,5,7,19,20,27,108,109" m="12330,49706" machi="27" ten="40,12000,1" yaku="19,1,34,2,52,1" doraHai="13" who="0" fromWho="1" sc="250,120,250,-120,250,0,250,0" /><INIT seed="0,1,0,4,1,125" ten="370,130,250,250" oya="0" hai0="134,84,81,27,74,131,16,22,114,113,90,122,3" hai1="60,128,41,28,99,67,121,117,32,44,105,89,127" hai2="116,75,72,12,6,70,39,43,14,30,94,58,23" hai3="92,45,115,7,0,118,135,38,59,31,62,106,80"/><T26/><D122/><U13/><E121/><V29/><F70/><W120/><G115/><T61/><D134/><U35/><E117/><V65/><F72/><W96/><G118/><T82/><D3/><U20/><E127/><V11/><F75/><W73/><G120/><T18/><D131/><U103/><E89/><V97/><F43/><W34/><G135/><T79/><D61/><U87/><E87/><V77/><F39/><W37/><G106/><T108/><D108/><U5/><E5/><V25/><F30/><W133/><G133/><T33/><D33/><U63/><E63/><V47/><F47/><W129/><G129/><T49/><D49/><U1/><E1/><V15/><F77/><W51/><G31/><T101/><REACH who="0" step="1"/><D101/><REACH who="0" ten="360,130,250,250" step="2"/><U10/><E128/><V66/><F116/><W124/><G34/><T8/><D8/><U85/><E32/><V24/><F11/><W110/><G110/><T86/><D86/><U100/><E85/><V69/><F6/><W54/><G7/><T104/><D104/><U46/><E100/><V119/><F119/><W64/><G0/><T130/><D130/><U76/><E35/><V50/><F50/><W56/><G124/><T55/><D55/><U71/><E10/><V57/><F66/><W102/><G38/><T112/><D112/><U109/><E109/><V40/><F65/><W91/><G37/><T19/><D19/><N who="1" m="10351" /><E28/><V68/><F29/><W123/><G123/><T52/><D52/><U107/><E107/><V9/><F9/><W2/><G2/><T48/><D48/><N who="1" m="26639" /><E46/><V36/><F36/><W42/><G102/><RYUUKYOKU ba="1,1" sc="360,15,130,15,250,-15,250,-15" hai0="16,18,22,26,27,74,79,81,82,84,90,113,114" hai1="60,67,71,76,99,103,105" /><INIT seed="0,2,1,4,3,21" ten="375,145,235,235" oya="0" hai0="94,52,77,31,133,80,39,84,26,40,118,7,70" hai1="85,57,47,59,119,114,90,37,113,53,42,50,73" hai2="23,135,101,8,132,67,48,41,112,44,116,88,43" hai3="58,35,36,10,18,124,24,56,63,93,2,30,97"/><T16/><D118/><U22/><E73/><V4/><F112/><N who="1" m="43113" /><E119/><V104/><F116/><W129/><G36/><T126/><D126/><U92/><E22/><V130/><F67/><W102/><G124/><T13/><D133/><U51/><E59/><V76/><F130/><W6/><G129/><T33/><D70/><U27/><E27/><V34/><F34/><W19/><REACH who="3" step="1"/><G58/><REACH who="3" ten="375,145,235,225" step="2"/><T69/><D69/><U131/><E131/><V12/><F132/><W82/><G82/><T78/><D80/><U81/><E81/><V109/><F135/><W14/><G14/><T45/><D13/><U32/><E32/><V61/><F76/><W74/><G74/><T79/><D79/><U9/><E9/><V100/><F109/><W3/><G3/><T65/><D78/><U64/><E64/><AGARI ba="2,2" hai="2,6,10,18,19,24,30,35,56,63,64,93,97,102" machi="64" ten="30,7700,0" yaku="1,1,7,1,52,1,53,1" doraHai="21" doraHaiUra="91" who="3" fromWho="1" sc="375,0,145,-83,235,0,225,103" /><INIT seed="1,0,0,2,3,68" ten="375,62,235,328" oya="1" hai0="117,128,125,85,113,34,111,48,14,57,120,74,43" hai1="83,70,47,100,40,69,108,129,131,55,28,67,62" hai2="8,73,71,118,134,26,127,106,101,61,58,44,121" hai3="79,41,51,19,87,109,50,88,110,36,2,90,49"/><U112/><E100/><V115/><F73/><W133/><G2/><T91/><D113/><U89/><E28/><V96/><F118/><W3/><G3/><T104/><D117/><U92/><E112/><V78/><F121/><W20/><G133/><T7/><D120/><U37/><E108/><N who="3" m="41578" /><G79/><T23/><D34/><U95/><E70/><V12/><F134/><W16/><G19/><T107/><D74/><U9/><E9/><V72/><F127/><W80/><G90/><T76/><D76/><U82/><E92/><V135/><F135/><W42/><G36/><T22/><D128/><N who="1" m="49227" /><E55/><V65/><F26/><AGARI ba="0,0" hai="16,20,26,41,42,49,50,51,80,87,88" m="41578" machi="26" ten="30,3900,0" yaku="14,1,54,2" doraHai="68" who="3" fromWho="2" sc="375,0,62,0,235,-39,328,39" /><INIT seed="2,0,0,0,5,52" ten="375,62,196,367" oya="2" hai0="36,83,87,116,98,72,132,90,62,128,9,133,121" hai1="74,113,32,24,108,28,53,27,81,4,125,51,11" hai2="59,41,29,78,23,64,115,16,107,97,95,37,75" hai3="82,50,84,43,33,35,15,89,47,60,134,77,45"/><V71/><F71/><W39/><G134/><N who="0" m="51819" /><D121/><U17/><E113/><V6/><F107/><W12/><G60/><T34/><D128/><U61/><E108/><V44/><F6/><W18/><G77/><T135/><D135/><U19/><E125/><V103/><F115/><W91/><G91/><T8/><D116/><U57/><E27/><V114/><F114/><W30/><G30/><T122/><D122/><U73/><E73/><V46/><F46/><W130/><G130/><T49/><D36/><U80/><E74/><V126/><F29/><W38/><G12/><T100/><D34/><U0/><REACH who="1" step="1"/><E61/><REACH who="1" ten="375,52,196,367" step="2"/><V5/><F126/><W93/><G35/><T68/><D72/><U70/><E70/><V7/><F78/><W127/><G33/><T40/><D62/><U79/><E79/><V118/><F75/><W85/><G127/><T124/><D68/><U120/><E120/><V112/><F118/><W58/><G39/><T92/><D124/><U26/><E26/><V99/><F112/><W2/><G38/><T65/><D65/><U129/><E129/><V104/><F64/><W131/><G131/><T25/><D25/><U54/><E54/><V109/><F109/><W105/><G43/><T56/><D40/><U21/><E21/><V42/><F42/><W22/><G22/><T102/><D49/><U67/><E67/><V14/><REACH who="2" step="1"/><F59/><REACH who="2" ten="375,52,186,367" step="2"/><W10/><G58/><T96/><D56/><U123/><E123/><V55/><F55/><W3/><G47/><T101/><D8/><U106/><E106/><V69/><F69/><W63/><G105/><N who="0" m="63623" /><D9/><U86/><E86/><RYUUKYOKU ba="0,2" sc="375,10,52,10,186,10,367,-30" hai0="83,87,90,92,98,101,102" hai1="0,4,11,17,19,24,28,32,51,53,57,80,81" hai2="5,7,14,16,23,37,41,44,95,97,99,103,104" /><INIT seed="2,1,2,1,5,4" ten="385,62,196,337" oya="2" hai0="101,117,87,106,52,84,86,131,93,3,44,128,115" hai1="95,129,46,55,107,111,65,5,112,99,14,45,123" hai2="16,102,29,15,64,66,130,121,81,71,88,124,22" hai3="19,92,126,13,43,98,85,67,47,56,26,82,28"/><V27/><F121/><W72/><G72/><T32/><D115/><U25/><E112/><V63/><F130/><N who="0" m="49706" /><D117/><U23/><E107/><V91/><F124/><W134/><G126/><T70/><D106/><U36/><E129/><V8/><F102/><W39/><G134/><T120/><D120/><U30/><E111/><V11/><F66/><W94/><G67/><T68/><D32/><U105/><E105/><V59/><F71/><N who="0" m="27178" /><D3/><U76/><E65/><V90/><F11/><W34/><G56/><T24/><D24/><U2/><E2/><V73/><F73/><W10/><REACH who="3" step="1"/><G98/><REACH who="3" ten="385,62,196,327" step="2"/><N who="0" m="59599" /><D44/><U103/><E123/><V54/><F64/><W104/><G104/><T48/><D87/><AGARI ba="1,3" hai="8,15,16,22,27,29,54,59,63,81,87,88,90,91" machi="87" ten="40,12000,1" yaku="8,1,52,1,54,2" doraHai="4" who="2" fromWho="0" sc="385,-123,62,0,196,153,327,0" /><INIT seed="2,2,0,1,5,1" ten="262,62,349,327" oya="2" hai0="60,111,73,74,34,93,3,39,37,112,70,7,22" hai1="27,29,64,132,89,108,80,106,40,33,48,14,85" hai2="86,72,32,75,104,12,51,46,95,110,20,55,99" hai3="131,76,71,88,43,50,105,2,0,121,115,42,113"/><V16/><F32/><W109/><G121/><T77/><D34/><U45/><E106/><V17/><F110/><W24/><G71/><T79/><D112/><N who="3" m="43081" /><G109/><T130/><D111/><U124/><E108/><V49/><F104/><W126/><G126/><T128/><D93/><U5/><E124/><V56/><F86/><W116/><G116/><T52/><D22/><U87/><E132/><V122/><F122/><W101/><G131/><T41/><D70/><U103/><E103/><V123/><F17/><W66/><G66/><T83/><D41/><N who="3" m="15369" /><G76/><T62/><D83/><U94/><E64/><V107/><F107/><W19/><G50/><T102/><D102/><U114/><E114/><V96/><F123/><W38/><G38/><T90/><D90/><U15/><REACH who="1" step="1"/><E5/><REACH who="1" ten="262,52,349,327" step="2"/><V67/><F67/><W36/><G101/><T18/><D7/><U25/><E25/><V133/><F133/><W135/><G105/><T6/><D6/><U30/><E30/><V8/><F8/><W78/><G135/><T91/><D130/><U21/><E21/><V119/><F119/><W68/><G24/><T11/><D11/><U129/><E129/><V92/><F75/><W118/><G118/><T57/><D74/><U35/><E35/><V31/><F72/><W100/><G100/><T9/><D128/><U65/><E65/><V98/><REACH who="2" step="1"/><F31/><REACH who="2" ten="262,52,339,327" step="2"/><W4/><G68/><T23/><D73/><U47/><E47/><V61/><F61/><W134/><G134/><T63/><D62/><U69/><E69/><V82/><F82/><W127/><G19/><T120/><D63/><U117/><E117/><RYUUKYOKU ba="2,2" sc="262,-15,52,15,339,15,327,-15" hai1="14,15,27,29,33,40,45,48,80,85,87,89,94" hai2="12,16,20,46,49,51,55,56,92,95,96,98,99" /><INIT seed="2,3,2,0,1,74" ten="247,67,354,312" oya="2" hai0="69,33,30,124,100,42,13,102,36,35,128,83,63" hai1="131,10,27,32,92,90,34,22,0,24,55,94,25" hai2="105,118,126,38,123,1,16,49,134,114,54,103,127" hai3="129,64,19,76,99,17,68,112,97,96,21,37,47"/><V110/><RYUUKYOKU type="yao9" ba="3,2" sc="247,0,67,0,354,0,312,0" hai2="1,16,38,49,54,103,105,110,114,118,123,126,127,134" /><INIT seed="2,4,2,2,3,112" ten="247,67,354,312" oya="2" hai0="76,130,96,63,62,16,5,67,56,93,69,13,89" hai1="49,70,54,38,45,119,71,95,85,21,55,37,133" hai2="107,114,88,3,58,113,14,28,106,111,44,102,60" hai3="115,97,87,43,53,124,52,100,131,117,132,59,19"/><V32/><F3/><W15/><G115/><T39/><D130/><U4/><E4/><V103/><F113/><W40/><G131/><T18/><D39/><N who="1" m="14859" /><E21/><V109/><F114/><W79/><G124/><T74/><D5/><U101/><E85/><V48/><F106/><W65/><G117/><T57/><D18/><U83/><E95/><V134/><F14/><W127/><G127/><T23/><REACH who="0" step="1"/><D63/><REACH who="0" ten="237,67,354,312" step="2"/><U80/><E101/><V24/><F134/><W121/><G132/><T22/><D22/><U33/><E33/><V120/><F120/><W116/><G121/><T11/><D11/><U29/><E133/><V64/><F107/><W68/><G19/><T42/><D42/><N who="1" m="24759" /><E29/><V122/><F122/><W91/><G100/><T41/><D41/><U26/><E26/><V35/><F103/><W1/><G43/><T7/><D7/><U73/><E119/><V118/><F102/><W135/><G116/><T20/><D20/><U25/><E25/><V84/><F118/><W50/><G135/><T66/><D66/><U9/><E9/><V75/><F35/><W12/><G1/><T98/><D98/><U0/><E0/><V36/><F36/><W86/><G97/><T82/><AGARI ba="4,3" hai="13,16,23,56,57,62,67,69,74,76,82,89,93,96" machi="82" ten="30,7900,0" yaku="1,1,0,1,54,1,53,1" doraHai="112" doraHaiUra="104" who="0" fromWho="0" sc="237,121,67,-24,354,-43,312,-24" /><INIT seed="3,0,0,2,5,57" ten="358,43,311,288" oya="3" hai0="2,100,117,69,109,90,24,31,50,73,81,55,52" hai1="19,35,133,11,37,104,96,45,41,60,123,7,15" hai2="124,43,110,130,126,25,27,125,4,93,120,70,94" hai3="65,9,20,84,91,53,74,68,54,116,61,111,59"/><W40/><G74/><T129/><D117/><U121/><E133/><V75/><F75/><W64/><G116/><T18/><D109/><U132/><E132/><V80/><F110/><W23/><G111/><T12/><D2/><U78/><E35/><V89/><F4/><W77/><G77/><T48/><D69/><U102/><E78/><V46/><F70/><W10/><G40/><T6/><D6/><U1/><E19/><V8/><F8/><N who="3" m="3179" /><G68/><T87/><D73/><U108/><E108/><V95/><F130/><W105/><G105/><T115/><D100/><U134/><E134/><V114/><F114/><W49/><G53/><T22/><D129/><U85/><E15/><V127/><N who="2" m="31744" /><DORA hai="107" /><V135/><F135/><W58/><G64/><T21/><D115/><U101/><E101/><V39/><F120/><W88/><G91/><T33/><D33/><U56/><REACH who="1" step="1"/><E85/><AGARI ba="0,0" hai="25,27,39,43,46,80,85,89,93,94,95" m="31744" machi="85" ten="70,2300,0" yaku="18,1" doraHai="57,107" who="2" fromWho="1" sc="358,0,43,-23,311,23,288,0" /><INIT seed="4,0,0,5,3,95" ten="358,20,334,288" oya="0" hai0="32,56,38,79,73,108,92,3,129,98,55,60,35" hai1="25,128,29,66,102,91,114,27,111,126,30,63,7" hai2="131,101,14,96,34,70,26,87,110,57,77,54,37" hai3="76,52,59,10,53,6,9,69,89,85,39,94,103"/><T45/><D3/><U64/><E111/><V4/><F70/><W12/><G69/><T80/><D108/><U17/><E126/><V1/><F37/><W119/><G39/><T20/><D129/><U31/><E128/><V15/><F131/><W48/><G119/><T18/><D38/><U49/><E114/><V117/><F117/><W125/><G125/><T109/><D45/><U88/><E7/><V134/><F134/><W133/><G133/><T132/><D132/><U115/><E115/><V23/><F34/><W90/><G53/><T40/><D40/><U113/><E113/><V124/><F124/><W104/><G104/><T100/><REACH who="0" step="1"/><D109/><REACH who="0" ten="348,20,334,288" step="2"/><U44/><E102/><V86/><F110/><W62/><G103/><T24/><AGARI ba="0,1" hai="18,20,24,32,35,55,56,60,73,79,80,92,98,100" machi="24" ten="20,18000,2" yaku="1,1,2,1,0,1,7,1,52,1,53,1" doraHai="95" doraHaiUra="13" who="0" fromWho="0" sc="348,190,20,-60,334,-60,288,-60" owari="538,64.0,-40,-54.0,274,7.0,228,-17.0" /></mjloggm>