<mjloggm ver="2.3"><GO type="169" lobby="0"/><UN n0="%E6%9A%A2%E4%B8%80" n1="%51%6F%6F%E5%9D%8A" n2="%E8%9B%99%E3%81%AE%E7%8E%8B" n3="%E9%A6%99%E7%B9%94%E3%82%AB%E3%83%B2%E3%83%AB" dan="16,16,18,16" rate="2035.44,2026.00,2271.21,2080.94" sx="M,M,M,F"/><TAIKYOKU oya="0"/><INIT seed="0,0,0,0,4,27" ten="250,250,250,250" oya="0" hai0="86,22,40,30,28,98,65,80,60,128,85,6,116" hai1="122,44,109,68,8,38,118,11,3,19,71,47,133" hai2="78,50,132,56,21,113,0,55,108,111,131,110,125" hai3="54,42,36,12,84,106,81,90,9,39,2,120,69"/><T123/><D116/><U77/><E118/><V34/><F113/><W102/><G69/><T126/><D123/><U4/><E122/><V129/><F34/><W17/><G120/><T31/><D128/><N who="2" m="49226" /><F0/><W112/><G112/><T83/><D126/><U67/><E67/><V33/><F33/><W96/><G2/><T25/><D6/><U100/><E100/><V23/><F78/><W26/><G42/><T35/><D35/><U91/><E91/><V66/><F21/><W14/><G26/><T88/><D98/><U20/><E77/><V61/><F23/><W43/><G43/><T87/><D40/><U64/><E64/><V101/><F101/><W124/><G124/><T13/><D13/><U119/><E119/><V59/><F125/><W73/><G73/><T16/><REACH who="0" step="1"/><D80/><REACH who="0" ten="240,250,250,250" step="2"/><U70/><E4/><V92/><F92/><W1/><G1/><T63/><D63/><U76/><E3/><V107/><F107/><W41/><G41/><T115/><D115/><U94/><E38/><V10/><F10/><W58/><G12/><T62/><D62/><AGARI ba="0,1" hai="9,14,17,36,39,54,58,62,81,84,90,96,102,106" machi="62" ten="30,1000,0" yaku="7,1" doraHai="27" who="3" fromWho="0" sc="240,-10,250,0,250,0,250,20" /><INIT seed="1,0,0,4,0,24" ten="230,250,250,270" oya="1" hai0="95,33,91,19,89,127,73,76,125,75,37,103,44" hai1="83,52,115,100,13,17,48,20,96,60,31,42,104" hai2="97,56,80,18,84,93,4,45,7,118,90,108,35" hai3="10,53,92,105,21,28,54,71,67,114,58,129,12"/><U0/><E0/><V106/><F118/><W25/><G105/><T72/><D33/><U11/><E115/><V94/><F108/><W64/><G114/><T112/><D19/><U46/><E60/><V134/><F134/><W131/><G92/><T87/><D44/><U59/><E83/><V41/><F35/><W47/><G47/><T1/><D1/><U57/><E42/><V32/><F32/><W51/><G54/><T111/><D37/><U78/><REACH who="1" step="1"/><E78/><REACH who="1" ten="230,240,250,270" step="2"/><V69/><F41/><W74/><G129/><T2/><D2/><U117/><E117/><V8/><F80/><W23/><G131/><T50/><D112/><U82/><E82/><V122/><F122/><W101/><G67/><T81/><D111/><U79/><E79/><V109/><F109/><W98/><G64/><T124/><D50/><U110/><E110/><V128/><F128/><W43/><G51/><T9/><D9/><U116/><E116/><V6/><F8/><W15/><G10/><T16/><D16/><U22/><E22/><V70/><F18/><W107/><G23/><T5/><D5/><U65/><E65/><V34/><F34/><W126/><G21/><T113/><D113/><U27/><AGARI ba="0,1" hai="11,13,17,20,27,31,46,48,52,57,59,96,100,104" machi="27" ten="30,11700,0" yaku="1,1,0,1,52,1,54,1,53,0" doraHai="24" doraHaiUra="3" who="1" fromWho="1" sc="230,-39,240,127,250,-39,270,-39" /><INIT seed="1,1,0,0,5,72" ten="191,367,211,231" oya="1" hai0="21,28,129,42,27,119,130,111,68,47,6,95,0" hai1="45,108,103,60,96,84,94,76,54,1,13,24,123" hai2="44,16,48,32,80,118,36,134,132,128,133,63,102" hai3="107,135,59,113,34,73,12,81,19,7,98,122,83"/><U56/><E123/><V100/><F118/><W31/><G7/><T40/><D119/><U15/><E1/><V77/><F32/><W14/><G122/><T82/><D68/><U10/><E108/><V90/><F36/><W117/><G117/><T71/><D111/><U5/><E24/><V23/><F63/><W75/><G113/><T17/><D71/><U116/><E116/><V58/><F90/><W79/><G135/><T11/><D95/><U62/><E15/><N who="2" m="9631" /><F58/><W65/><G34/><T64/><D64/><U101/><E45/><V115/><F128/><W109/><G109/><T67/><D67/><U26/><E26/><V91/><F91/><W49/><G65/><T57/><D57/><U99/><E60/><V61/><F61/><W92/><G59/><T126/><D126/><U97/><E94/><V9/><F9/><W104/><G49/><T33/><D82/><AGARI ba="1,0" hai="5,10,13,54,56,62,76,82,84,96,97,99,101,103" machi="82" ten="40,3900,0" yaku="8,1,52,1" doraHai="72" who="1" fromWho="0" sc="191,-42,367,42,211,0,231,0" /><INIT seed="1,2,0,2,3,120" ten="149,409,211,231" oya="1" hai0="108,55,7,94,90,97,31,74,107,79,88,96,6" hai1="42,113,77,69,19,129,13,29,36,103,26,109,112" hai2="98,86,50,114,104,30,124,8,15,99,35,5,134" hai3="44,101,67,1,53,18,34,47,64,56,22,115,27"/><U20/><E69/><V73/><F73/><W28/><G115/><T89/><D31/><U46/><E103/><V10/><F114/><W60/><G1/><T21/><D21/><U32/><E129/><V132/><F86/><W2/><G2/><T58/><D108/><U25/><E109/><V78/><F78/><W43/><G101/><T116/><D116/><U49/><E36/><V17/><F50/><W71/><G71/><T93/><D107/><U45/><E45/><V131/><F104/><W125/><G44/><T38/><D38/><U92/><E92/><V122/><F122/><W24/><REACH who="3" step="1"/><G125/><REACH who="3" ten="149,409,211,221" step="2"/><T85/><D74/><U59/><E59/><V100/><F124/><W48/><AGARI ba="2,1" hai="18,22,24,27,28,34,43,47,48,53,56,60,64,67" machi="48" ten="20,12000,2" yaku="1,1,2,1,0,1,7,1,53,2" doraHai="120" doraHaiUra="61" who="3" fromWho="3" sc="149,-32,409,-62,211,-32,221,136" /><INIT seed="2,0,0,3,0,44" ten="117,347,179,357" oya="2" hai0="99,88,24,5,130,87,120,68,57,124,75,123,28" hai1="131,54,48,0,31,38,36,43,122,108,83,56,76" hai2="23,33,61,9,11,39,15,66,1,121,126,25,55" hai3="46,62,34,12,40,3,102,117,95,70,101,133,97"/><V45/><F121/><W13/><G3/><T106/><D68/><U20/><E122/><V94/><F126/><W67/><G117/><T127/><D5/><U35/><E35/><V27/><F94/><W128/><G34/><T30/><D30/><U134/><E0/><V85/><F85/><W111/><G111/><T93/><D130/><U29/><E108/><V16/><F39/><W22/><G128/><T92/><D75/><U119/><E119/><V69/><F1/><W90/><G133/><T118/><D118/><U14/><E131/><V41/><F41/><W72/><G72/><T52/><D106/><U125/><E134/><V65/><F65/><W129/><G129/><T103/><D124/><U47/><E125/><V26/><REACH who="2" step="1"/><F33/><REACH who="2" ten="117,347,169,357" step="2"/><W135/><G135/><T89/><D127/><U96/><E38/><V21/><F21/><W51/><G22/><N who="0" m="15383" /><D123/><U73/><E96/><V63/><F63/><W74/><G74/><T77/><D120/><U18/><AGARI ba="0,1" hai="14,18,20,29,31,36,43,47,48,54,56,73,76,83" machi="18" ten="30,2000,0" yaku="0,1,52,1" doraHai="44" who="1" fromWho="1" sc="117,-5,347,30,169,-10,357,-5" /><INIT seed="3,0,0,4,3,56" ten="112,377,159,352" oya="3" hai0="19,41,89,86,105,9,125,26,16,6,93,88,114" hai1="43,76,44,100,3,133,46,52,55,22,62,71,94" hai2="14,66,74,23,60,95,65,25,118,132,117,129,32" hai3="97,48,35,110,78,103,90,113,8,61,63,53,73"/><W68/><G113/><T121/><D125/><U119/><E3/><V54/><F74/><W24/><G110/><T37/><D105/><U82/><E119/><V50/><F132/><W70/><G90/><T120/><D114/><U92/><E133/><V101/><F129/><W17/><G8/><T123/><D26/><U40/><E71/><V64/><F32/><W81/><G70/><T42/><D37/><U39/><E22/><V98/><F14/><W102/><G68/><T15/><REACH who="0" step="1"/><D89/><REACH who="0" ten="102,377,159,352" step="2"/><U122/><E122/><V72/><F118/><W109/><G109/><T124/><D124/><U51/><E100/><V127/><F117/><W30/><G103/><T96/><D96/><U0/><E0/><V131/><F127/><W111/><G111/><T112/><D112/><U18/><E18/><AGARI ba="0,1" hai="6,9,15,16,18,19,41,42,86,88,93,120,121,123" machi="18" ten="40,5200,0" yaku="1,1,54,2,53,0" doraHai="56" doraHaiUra="49" who="0" fromWho="1" sc="102,62,377,-52,159,0,352,0" /><INIT seed="4,0,0,4,4,46" ten="164,325,159,352" oya="0" hai0="66,93,37,105,4,100,71,120,121,17,55,12,115" hai1="78,51,86,50,73,5,91,58,33,129,112,39,132" hai2="97,127,28,76,82,8,47,118,10,131,101,126,88" hai3="96,60,116,68,14,21,87,54,44,123,77,3,2"/><T84/><D37/><U102/><E33/><V74/><F131/><W13/><G116/><T85/><D115/><U107/><E39/><V70/><F70/><W117/><G117/><T29/><D4/><U67/><E129/><V15/><F118/><W108/><G108/><T114/><D114/><U61/><E5/><V49/><F28/><W20/><G68/><T26/><D55/><U79/><E112/><V69/><F69/><W124/><G124/><N who="2" m="47657" /><F15/><W64/><G64/><T48/><D93/><N who="1" m="54519" /><E107/><N who="2" m="63919" /><F88/><W9/><G13/><T80/><D71/><U25/><E73/><V65/><F65/><W7/><G14/><T11/><D66/><U1/><E1/><V16/><F16/><W31/><G3/><T52/><D105/><U75/><E75/><V98/><F98/><W59/><G96/><T63/><D100/><U106/><E102/><V36/><F36/><W133/><G2/><T27/><D63/><U83/><E106/><V109/><F109/><W134/><G60/><T110/><D110/><U90/><E25/><N who="0" m="9225" /><D29/><U53/><E67/><V42/><AGARI ba="0,0" hai="8,10,42,47,49,74,76,82" m="63919,47657" machi="42" ten="30,2000,0" yaku="18,1,52,1" doraHai="46" who="2" fromWho="2" sc="164,-10,325,-5,159,20,352,-5" /><INIT seed="5,0,0,4,0,108" ten="154,320,179,347" oya="1" hai0="43,72,47,60,45,46,117,112,31,135,19,127,27" hai1="23,106,2,75,134,93,116,61,81,100,67,22,64" hai2="16,70,111,21,49,92,1,119,14,56,24,82,36" hai3="86,84,39,58,126,55,13,3,83,129,4,25,120"/><U131/><E2/><V107/><F107/><W50/><G120/><T101/><D117/><U80/><E116/><V88/><F119/><W124/><G39/><T79/><D135/><U8/><E106/><V53/><F36/><W11/><G129/><T98/><D127/><N who="3" m="48681" /><G25/><T26/><D43/><U59/><E134/><V9/><F111/><W54/><G54/><T40/><D60/><U130/><E8/><V10/><F70/><W18/><G83/><N who="1" m="31818" /><E67/><V110/><F110/><W57/><G57/><T85/><D72/><U35/><E35/><V91/><F1/><W33/><G33/><T103/><D40/><U28/><E75/><V62/><F49/><W30/><G30/><T7/><D31/><U34/><E34/><V17/><F82/><W32/><G32/><T38/><D38/><U115/><E115/><V123/><F123/><W118/><G118/><T63/><D112/><U65/><E65/><V48/><F10/><AGARI ba="0,0" hai="3,4,10,11,13,18,50,55,58,84,86" m="48681" machi="10" ten="30,1000,0" yaku="18,1" doraHai="108" who="3" fromWho="2" sc="154,0,320,0,179,-10,347,10" /><INIT seed="6,0,0,3,4,70" ten="154,320,169,357" oya="2" hai0="68,65,35,45,23,79,129,17,21,49,118,20,98" hai1="53,97,85,127,119,22,42,30,92,134,121,61,36" hai2="96,5,106,60,108,116,89,115,12,31,102,37,100" hai3="59,126,67,1,84,33,7,117,44,41,6,90,82"/><V132/><F116/><W28/><G117/><T4/><D129/><U64/><E119/><V43/><F31/><W71/><G71/><T133/><D133/><U128/><E121/><V0/><F132/><W113/><G113/><T25/><D118/><U78/><E134/><V27/><F115/><W58/><G126/><T111/><D111/><U122/><E122/><V130/><F27/><W91/><G1/><T69/><D79/><U103/><E53/><V54/><F0/><W9/><G91/><T16/><D4/><U62/><E62/><V26/><F26/><W10/><G28/><T66/><D98/><U83/><E128/><V46/><F130/><W14/><G33/><T57/><D35/><U112/><E112/><V123/><F123/><W109/><G109/><T8/><D68/><U38/><E42/><V114/><F108/><W13/><G67/><N who="0" m="25611" /><D57/><N who="1" m="36911" /><E127/><V104/><F114/><W73/><G73/><T107/><D107/><U101/><E103/><V88/><F60/><W94/><REACH who="3" step="1"/><G82/><REACH who="3" ten="154,320,169,347" step="2"/><T55/><D69/><U74/><E74/><V99/><F54/><W11/><G11/><AGARI ba="0,1" hai="5,11,12,37,43,46,88,89,96,99,100,102,104,106" machi="11" ten="40,7700,0" yaku="9,1,52,1,54,1" doraHai="70" who="2" fromWho="3" sc="154,0,320,0,169,87,347,-77" /><INIT seed="6,1,0,1,0,30" ten="154,320,256,270" oya="2" hai0="31,104,2,4,39,55,50,0,124,57,119,11,25" hai1="110,68,89,88,98,36,97,118,44,87,96,76,41" hai2="46,21,19,112,99,49,116,120,133,122,3,61,80" hai3="135,64,85,109,91,40,86,22,73,105,67,127,125"/><V84/><F116/><W20/><G109/><T28/><D124/><N who="3" m="47689" /><G105/><T74/><D104/><U117/><E110/><V65/><F3/><W94/><G73/><T34/><D119/><U66/><E76/><V75/><F75/><W24/><G135/><T131/><D131/><U47/><E89/><V128/><F99/><N who="3" m="57823" /><G40/><T126/><D126/><U7/><E7/><V63/><F112/><W42/><G42/><T59/><D74/><U132/><E132/><V18/><F133/><W6/><G6/><T83/><D83/><U13/><E13/><V9/><F128/><W16/><G22/><T45/><D28/><U113/><E44/><V14/><F122/><W32/><G32/><T5/><REACH who="0" step="1"/><D39/><REACH who="0" ten="144,320,256,270" step="2"/><U101/><E117/><V123/><F120/><W71/><G71/><T23/><D23/><U106/><E118/><V53/><F123/><W100/><G100/><T90/><D90/><U77/><E77/><N who="2" m="46095" /><F65/><AGARI ba="1,1" hai="16,20,24,64,65,67,85,86" m="57823,47689" machi="65" ten="30,2000,0" yaku="18,1,54,1" doraHai="30" who="3" fromWho="2" sc="144,0,320,0,256,-23,270,33" /><INIT seed="7,0,0,0,4,111" ten="144,320,233,303" oya="3" hai0="20,79,41,24,114,87,107,94,30,82,70,102,40" hai1="72,75,46,135,113,56,64,29,104,65,37,118,4" hai2="11,101,123,115,78,28,71,10,132,89,57,112,93" hai3="68,55,98,61,126,130,134,22,116,109,8,48,103"/><W31/><G116/><T1/><D1/><U88/><E104/><V84/><F71/><W38/><G109/><T60/><D114/><N who="2" m="43562" /><F123/><W124/><G38/><T44/><D44/><U119/><E29/><V74/><F132/><W67/><G134/><T36/><D36/><U129/><E4/><V63/><F28/><W110/><G110/><T18/><D18/><U43/><E135/><V7/><F101/><W25/><G130/><T85/><D85/><U66/><E129/><V100/><F100/><W6/><G48/><T73/><D60/><U21/><E56/><V83/><F7/><W108/><G55/><AGARI ba="0,0" hai="10,11,55,57,63,74,78,83,84,89,93" m="43562" machi="55" ten="30,7700,0" yaku="15,1,52,3" doraHai="111" who="2" fromWho="3" sc="144,0,320,0,233,77,303,-77" owari="144,-36.0,320,42.0,310,11.0,226,-17.0" /></mjloggm>