<mjloggm ver="2.3"><GO type="169" lobby="0"/><UN n0="%6E%6F%72%69%6B%61" n1="%E3%81%94%E3%82%8A%E3%81%94%E3%82%8A%E3%81%94%E3%82%8A%E3%82%89" n2="%E3%82%86%E3%81%84%E3%81%A1%E3%82%83%E3%82%93%E3%81%AE%E3%83%91%E3%83%91" n3="%E6%AF%94%E5%98%89%E7%A7%80%E4%BB%81" dan="18,17,18,16" rate="2258.34,2159.51,2282.75,2130.63" sx="F,M,M,M"/><TAIKYOKU oya="0"/><INIT seed="0,0,0,3,3,83" ten="250,250,250,250" oya="0" hai0="93,116,18,134,72,5,135,107,61,88,41,123,100" hai1="104,78,95,10,16,117,6,24,15,97,25,126,87" hai2="101,56,80,121,102,106,52,129,33,112,40,133,68" hai3="71,108,22,91,89,74,84,122,90,1,103,92,62"/><T65/><D5/><U38/><E117/><V127/><F112/><W26/><G1/><T49/><D116/><U45/><E126/><V43/><F121/><W79/><G122/><T70/><D123/><U34/><E104/><V14/><F68/><W0/><G0/><T131/><D72/><U125/><E125/><V12/><F33/><W86/><G74/><T35/><D131/><U118/><E118/><V8/><F127/><W36/><G36/><T98/><D35/><U130/><E130/><V75/><F133/><N who="0" m="50698" /><D18/><U3/><E38/><V42/><F129/><W57/><G71/><T64/><D64/><U2/><E45/><V105/><F75/><W54/><G108/><T115/><D115/><U48/><E48/><V82/><F105/><W19/><G79/><T63/><D63/><U46/><E46/><V119/><F119/><W50/><G62/><T113/><D113/><U77/><E2/><V23/><F106/><W51/><G51/><T60/><D60/><U37/><E37/><V76/><F23/><W69/><G69/><T114/><D114/><U67/><E67/><V28/><F28/><W85/><G103/><N who="2" m="39433" /><F76/><W66/><G66/><T13/><D13/><N who="2" m="5226" /><F8/><W55/><G55/><T20/><D20/><N who="1" m="11295" /><E34/><V21/><F21/><W30/><G30/><T132/><N who="0" m="50706" /><T81/><DORA hai="29" /><D107/><U27/><E97/><AGARI ba="0,0" hai="19,22,26,50,54,57,84,85,86,89,90,91,92,97" machi="97" ten="40,8000,1" yaku="8,1,52,3" doraHai="83,29" who="3" fromWho="1" sc="250,0,250,-80,250,0,250,80" /><INIT seed="1,0,0,5,5,81" ten="250,170,250,330" oya="1" hai0="35,87,125,90,127,14,108,40,84,15,29,117,120" hai1="111,129,31,28,112,121,0,62,71,37,106,83,94" hai2="8,25,57,119,52,45,65,26,73,124,95,104,49" hai3="91,63,93,101,21,1,76,5,96,34,46,47,12"/><U114/><E121/><V11/><F104/><W36/><G34/><T68/><D117/><U10/><E106/><V23/><F119/><W2/><G76/><T103/><D120/><U122/><E37/><V19/><F73/><W88/><G63/><T69/><D103/><U20/><E122/><V22/><F124/><N who="0" m="47690" /><D108/><U131/><E94/><V18/><F95/><W60/><G60/><AGARI ba="0,0" hai="8,11,18,19,22,23,25,26,45,49,52,57,60,65" machi="60" ten="40,5200,0" yaku="9,1,8,1,54,1" doraHai="81" who="2" fromWho="3" sc="250,0,170,0,250,52,330,-52" /><INIT seed="2,0,0,1,2,7" ten="250,170,302,278" oya="2" hai0="61,101,97,125,38,25,98,43,121,18,81,135,104" hai1="22,55,4,33,21,69,76,28,34,3,84,2,126" hai2="67,68,87,15,75,117,58,37,93,86,89,62,50" hai3="70,53,29,54,120,32,99,30,111,35,64,19,115"/><V124/><F117/><W26/><G120/><T46/><D121/><U9/><E69/><V73/><F124/><W128/><G111/><T130/><D125/><U80/><E126/><V12/><F37/><W105/><G115/><T66/><D130/><U103/><E103/><V91/><F68/><W20/><G128/><T129/><D129/><U109/><E109/><V82/><F50/><W44/><G44/><T60/><D135/><U47/><E2/><V107/><F107/><W92/><G30/><T36/><D97/><U11/><E11/><V85/><REACH who="2" step="1"/><F86/><REACH who="2" ten="250,170,292,278" step="2"/><W24/><G105/><T65/><D38/><U78/><E78/><V14/><AGARI ba="0,1" hai="12,14,15,58,62,67,73,75,82,85,87,89,91,93" machi="14" ten="30,6000,0" yaku="1,1,2,1,0,1,53,0" doraHai="7" doraHaiUra="17" who="2" fromWho="2" sc="250,-20,170,-20,292,70,278,-20" /><INIT seed="2,1,0,1,2,109" ten="230,150,362,258" oya="2" hai0="18,98,45,72,36,12,61,82,118,74,30,57,6" hai1="88,121,76,62,2,125,4,25,27,67,86,66,44" hai2="112,5,71,20,78,108,38,28,110,97,77,104,40" hai3="96,16,120,50,47,90,73,124,69,95,105,135,101"/><V19/><F71/><W116/><G69/><T56/><D30/><U65/><E125/><V81/><F28/><W70/><G70/><T64/><D6/><U55/><E121/><V48/><F38/><W123/><G124/><T21/><D118/><U102/><E102/><V17/><F5/><W9/><G116/><T1/><D1/><U29/><E76/><V129/><F129/><W8/><G73/><T34/><D34/><U92/><E2/><V49/><F40/><W133/><G120/><T15/><D15/><U75/><E75/><V106/><F97/><W42/><G123/><T87/><D98/><U94/><E4/><V111/><F112/><W99/><REACH who="3" step="1"/><G16/><REACH who="3" ten="230,150,362,248" step="2"/><T85/><D72/><U52/><E29/><V63/><F17/><W7/><G7/><T26/><D74/><U128/><E128/><V113/><F110/><W10/><AGARI ba="1,1" hai="8,9,10,42,47,50,90,95,96,99,101,105,133,135" machi="10" ten="30,2000,0" yaku="1,1,0,1,53,0" doraHai="109" doraHaiUra="132" who="3" fromWho="3" sc="230,-6,150,-6,362,-11,248,33" /><INIT seed="3,0,0,4,3,31" ten="224,144,351,281" oya="3" hai0="22,33,135,80,2,88,110,89,34,36,61,35,111" hai1="18,10,81,28,23,76,7,73,49,82,0,43,41" hai2="4,69,109,68,107,19,53,62,5,119,78,27,84" hai3="134,124,63,115,39,101,92,113,52,122,66,97,108"/><W87/><G122/><T94/><D2/><U9/><E9/><V130/><F119/><W74/><G39/><T1/><D1/><U64/><E64/><V104/><F109/><N who="0" m="41482" /><D135/><U15/><E49/><V51/><F130/><W117/><G134/><T72/><D36/><U71/><E71/><V96/><F96/><W47/><G108/><T20/><D61/><U16/><E18/><V127/><F127/><W75/><G124/><T60/><D60/><U123/><E123/><V83/><F104/><W8/><G117/><T118/><D118/><U24/><REACH who="1" step="1"/><E81/><REACH who="1" ten="224,134,351,281" step="2"/><V114/><F83/><W46/><G115/><T30/><D30/><U131/><E131/><V40/><F19/><W120/><G113/><T21/><D94/><U91/><E91/><V133/><F114/><W6/><G120/><T56/><D56/><U95/><E95/><V13/><F69/><W55/><G8/><T105/><D105/><U85/><E85/><V54/><F68/><W116/><G116/><T25/><D25/><U32/><AGARI ba="0,1" hai="0,7,10,15,16,23,24,28,32,41,43,73,76,82" machi="32" ten="20,12000,2" yaku="1,1,0,1,7,1,24,2,52,1,54,1,53,0" doraHai="31" doraHaiUra="129" who="1" fromWho="1" sc="224,-30,134,130,351,-30,281,-60" /><INIT seed="4,0,0,4,1,38" ten="194,264,321,221" oya="0" hai0="103,17,28,5,20,101,72,44,12,7,41,14,32" hai1="45,57,95,123,26,31,117,33,93,51,70,55,60" hai2="121,79,76,107,40,124,25,67,98,46,96,24,105" hai3="91,37,21,104,61,49,130,131,135,85,11,36,119"/><T6/><D72/><U118/><E123/><V15/><F121/><W27/><G119/><T73/><D73/><U69/><E118/><V80/><F67/><W78/><G104/><T128/><D14/><U0/><E0/><V47/><F15/><W126/><G126/><T120/><D120/><U64/><E117/><V1/><F1/><W75/><G135/><T23/><D32/><U29/><E29/><V112/><F80/><W132/><G132/><T110/><D110/><U63/><REACH who="1" step="1"/><E70/><REACH who="1" ten="194,254,321,221" step="2"/><V88/><F124/><W114/><G114/><T35/><D35/><U122/><E122/><V106/><F112/><W84/><G131/><T127/><D128/><U66/><AGARI ba="0,1" hai="26,31,33,45,51,55,57,60,63,64,66,69,93,95" machi="66" ten="20,2700,0" yaku="1,1,0,1,7,1,53,0" doraHai="38" doraHaiUra="34" who="1" fromWho="1" sc="194,-13,254,37,321,-7,221,-7" /><INIT seed="5,0,0,3,2,112" ten="181,291,314,214" oya="1" hai0="36,105,21,15,34,6,133,73,64,18,17,31,4" hai1="46,75,125,119,126,118,42,24,38,87,123,106,35" hai2="127,117,68,14,98,69,91,3,116,78,85,80,12" hai3="92,108,60,95,9,54,22,11,25,0,33,2,10"/><U40/><E106/><V39/><F3/><N who="3" m="1067" /><G54/><T77/><D105/><U114/><E75/><V61/><F39/><W122/><G60/><T19/><D36/><U50/><E87/><V89/><F127/><N who="1" m="48649" /><E114/><V101/><F78/><W88/><G95/><T74/><D77/><U27/><E123/><V111/><F111/><W129/><G92/><T100/><D100/><U102/><E102/><V48/><F48/><W51/><G51/><T79/><D79/><U45/><E35/><V82/><F101/><W5/><G88/><T131/><D64/><U20/><E24/><V43/><F61/><W128/><G122/><T94/><D94/><U67/><E67/><V62/><F62/><W16/><G108/><T93/><D93/><U103/><E103/><V104/><F104/><W76/><G76/><T115/><D115/><U120/><E120/><V83/><F85/><W49/><G49/><T44/><D73/><U96/><E96/><V1/><F1/><N who="3" m="175" /><G33/><T86/><D74/><U30/><AGARI ba="0,0" hai="20,27,30,38,40,42,45,46,50,118,119" m="48649" machi="30" ten="30,6000,0" yaku="18,1,52,2" doraHai="112" who="1" fromWho="1" sc="181,-20,291,60,314,-20,214,-20" /><INIT seed="5,1,0,2,0,102" ten="161,351,294,194" oya="1" hai0="60,131,27,49,48,44,0,96,105,26,46,80,110" hai1="97,28,15,62,50,14,66,95,71,81,41,51,129" hai2="130,42,23,86,7,124,2,21,34,10,35,25,39" hai3="134,19,29,65,55,53,58,4,61,40,45,63,128"/><U123/><E123/><V87/><F87/><W121/><G29/><T117/><D117/><U79/><E129/><V20/><F86/><W125/><G4/><T5/><D110/><U18/><E28/><V6/><F42/><W109/><G19/><T75/><D131/><U38/><E38/><V90/><F90/><W89/><G89/><T56/><D0/><U98/><E41/><V11/><F39/><N who="3" m="21663" /><G128/><T77/><D5/><U122/><E122/><V37/><F37/><W74/><G74/><T32/><D46/><U52/><E50/><V126/><F130/><W135/><G121/><T64/><D32/><N who="2" m="12330" /><F25/><W107/><G107/><T57/><D57/><U67/><E67/><V93/><F93/><W84/><G84/><T9/><D9/><U36/><E36/><V54/><F54/><N who="3" m="20491" /><G109/><T17/><D26/><U68/><E71/><V104/><F104/><W94/><G94/><T88/><D27/><U99/><E95/><V106/><F106/><W119/><G119/><T43/><D105/><U114/><E114/><V59/><F59/><N who="3" m="37055" /><G125/><N who="2" m="48233" /><F23/><W1/><G1/><AGARI ba="1,0" hai="1,2,6,7,10,11,20,21" m="48233,12330" machi="1" ten="30,3900,0" yaku="18,1,34,2" doraHai="102" who="2" fromWho="3" sc="161,0,351,0,294,42,194,-42" /><INIT seed="6,0,0,1,1,86" ten="161,351,336,152" oya="2" hai0="1,132,70,9,54,45,120,17,33,78,117,87,123" hai1="84,113,74,134,105,114,35,43,75,28,101,49,103" hai2="89,46,5,69,10,40,25,88,83,11,67,48,72" hai3="51,52,115,19,20,22,12,24,124,8,30,37,29"/><V85/><F72/><N who="1" m="27689" /><E28/><V27/><F69/><W41/><G124/><T92/><D33/><U2/><E35/><V42/><F67/><W111/><G115/><N who="1" m="44042" /><E2/><V14/><F40/><W122/><G122/><T38/><D70/><U26/><E26/><N who="2" m="9739" /><F11/><W55/><G111/><T102/><D117/><U97/><E134/><V21/><F21/><W95/><G30/><T3/><D132/><U7/><E7/><V73/><F73/><W98/><G37/><T94/><D3/><U61/><E61/><V79/><AGARI ba="0,0" hai="5,10,14,42,46,48,79,83,85,88,89" m="9739" machi="79" ten="30,12000,1" yaku="25,1,8,1,52,2,54,1" doraHai="86" who="2" fromWho="2" sc="161,-40,351,-40,336,120,152,-40" /><INIT seed="6,1,0,3,3,113" ten="121,311,456,112" oya="2" hai0="37,9,35,38,83,96,2,134,114,42,85,3,118" hai1="61,4,99,102,124,64,62,36,1,93,23,41,5" hai2="123,117,108,55,132,14,17,6,30,133,16,21,73" hai3="71,44,26,18,87,32,51,125,52,89,104,68,24"/><V13/><F73/><W90/><G104/><T57/><D114/><U78/><E124/><V50/><F123/><W39/><G125/><T86/><D35/><U34/><E34/><V53/><F108/><W45/><G32/><T11/><D57/><U70/><E1/><V28/><F6/><W111/><G111/><T95/><D134/><U82/><E62/><V8/><F117/><W97/><G97/><T94/><D96/><U19/><E41/><V58/><F132/><W25/><G18/><T60/><D42/><U31/><E36/><V91/><F133/><W74/><G74/><T77/><D83/><U7/><E31/><V126/><F126/><W20/><G20/><T135/><D135/><U76/><REACH who="1" step="1"/><E82/><REACH who="1" ten="121,301,456,112" step="2"/><V100/><F30/><W43/><REACH who="3" step="1"/><G89/><REACH who="3" ten="121,301,456,102" step="2"/><T84/><D77/><U65/><E65/><V103/><F28/><W107/><G107/><T130/><D95/><AGARI ba="1,2" hai="24,25,26,39,43,44,45,51,52,68,71,87,90,95" machi="95" ten="40,5200,0" yaku="1,1,54,1,53,1" doraHai="113" doraHaiUra="48" who="3" fromWho="0" sc="121,-55,301,0,456,0,102,75" /><INIT seed="7,0,0,4,1,113" ten="66,301,456,177" oya="3" hai0="88,65,52,20,60,121,135,33,110,61,64,4,8" hai1="59,10,32,67,9,14,62,90,12,116,93,37,103" hai2="87,43,129,104,109,41,82,25,95,106,63,29,131" hai3="73,36,97,125,54,117,94,21,15,31,66,3,50"/><W30/><G73/><T49/><D33/><U111/><E32/><V22/><F109/><W98/><G36/><T18/><D110/><U24/><E37/><V119/><F119/><W99/><G3/><T51/><D121/><U0/><E0/><V118/><F118/><W7/><G117/><T71/><D135/><U122/><E122/><V85/><F63/><W101/><G125/><T79/><D79/><U128/><E111/><V89/><F43/><W40/><G40/><T35/><D35/><U123/><E123/><V48/><F48/><W100/><G66/><T72/><D72/><U26/><E103/><V76/><F41/><W127/><G127/><T83/><D4/><N who="1" m="3111" /><E116/><V92/><F92/><W132/><G132/><T53/><D8/><U105/><E105/><V17/><F29/><W86/><G86/><T96/><D51/><U56/><E56/><V74/><F74/><W19/><G7/><T107/><D49/><U42/><E42/><V55/><F55/><W108/><G108/><T133/><D133/><U58/><E58/><V16/><F17/><W57/><REACH who="3" step="1"/><G98/><REACH who="3" ten="66,301,456,167" step="2"/><T120/><D120/><U47/><E67/><V23/><F85/><W13/><G13/><T39/><D39/><U77/><E14/><V115/><F87/><W112/><G112/><T45/><D45/><U124/><E47/><V84/><F115/><W44/><G44/><T80/><D53/><U1/><E124/><V102/><F84/><W34/><G34/><T2/><D52/><U91/><E1/><V81/><F76/><W11/><G11/><T70/><D2/><U68/><E10/><RYUUKYOKU ba="0,1" sc="66,-10,301,-10,456,-10,167,30" hai3="15,19,21,30,31,50,54,57,94,97,99,100,101" /><INIT seed="7,1,1,0,3,53" ten="56,291,446,197" oya="3" hai0="11,28,27,92,31,80,39,122,35,12,123,48,119" hai1="105,72,4,20,8,103,38,87,97,49,78,32,88" hai2="71,96,56,14,84,41,30,43,60,126,50,10,101" hai3="59,85,54,5,99,3,118,67,45,131,107,82,73"/><W24/><G118/><T124/><D119/><U40/><E32/><V9/><F71/><W74/><G131/><T51/><D39/><U21/><E38/><V47/><F126/><W127/><G127/><T77/><D124/><U33/><E33/><V36/><F30/><W75/><G3/><T90/><D31/><U34/><E34/><V134/><F134/><W17/><G5/><T95/><D122/><U117/><E117/><V64/><F84/><W112/><G112/><T100/><D100/><U13/><E40/><V2/><F2/><W79/><G67/><T23/><D35/><U44/><E44/><V93/><F36/><W108/><G45/><T111/><D123/><U129/><E49/><V19/><F41/><W113/><G113/><T106/><D106/><U55/><E55/><V0/><F0/><W29/><G17/><T114/><D114/><U121/><E121/><V62/><F62/><W16/><G16/><T130/><D130/><U26/><E129/><V109/><F109/><W58/><G108/><T46/><D111/><U25/><E25/><V15/><F15/><W65/><G65/><T94/><D46/><U1/><E1/><V42/><F42/><W98/><G107/><T110/><D110/><U135/><E135/><V81/><F81/><W18/><G18/><T83/><D90/><U76/><E72/><V61/><F10/><W102/><G102/><T22/><D22/><U116/><E116/><V63/><AGARI ba="1,1" hai="9,14,19,43,47,50,56,60,61,63,64,93,96,101" machi="63" ten="30,4000,0" yaku="0,1,8,1,52,1" doraHai="53" who="2" fromWho="2" sc="56,-11,291,-11,446,53,197,-21" owari="45,-45.0,280,8.0,499,59.0,176,-22.0" /></mjloggm>