<mjloggm ver="2.3"><GO type="169" lobby="0"/><UN n0="%E6%9C%A8%E5%8E%9F%E8%B1%AA%E4%B8%80" n1="%E3%81%A1%E3%82%83%E3%81%93%E3%81%93" n2="%E5%B0%91%E5%A5%B3%E3%83%95%E3%82%A1%E3%82%A4%E3%83%88" n3="%E9%8A%80%E8%89%B2%E3%81%84%E3%81%8C%E3%81%90%E3%82%8A" dan="17,16,16,16" rate="2149.10,2144.07,2206.74,2126.59" sx="M,F,F,M"/><TAIKYOKU oya="0"/><INIT seed="0,0,0,5,3,19" ten="250,250,250,250" oya="0" hai0="94,87,129,112,28,49,25,125,18,100,85,54,109" hai1="70,40,2,62,106,114,42,91,122,37,14,59,20" hai2="38,115,81,78,66,77,124,105,36,34,123,135,133" hai3="127,21,103,47,92,131,121,116,117,67,65,102,111"/><T23/><D112/><U95/><E106/><V13/><F115/><W69/><G47/><T0/><D129/><U35/><E122/><V74/><F123/><W55/><G121/><T30/><D0/><U113/><E35/><V52/><F105/><W48/><G92/><T27/><D125/><U10/><E70/><V99/><F124/><W107/><G69/><T39/><D39/><U64/><E114/><V118/><F66/><W5/><G107/><T93/><D109/><U9/><E37/><V15/><F34/><W79/><G79/><T86/><D100/><U57/><E113/><V33/><F33/><W22/><G48/><T104/><D104/><U101/><E101/><V45/><F118/><W75/><G55/><T83/><D83/><U4/><E57/><V76/><F81/><W12/><G12/><N who="2" m="4681" /><F99/><W31/><G5/><T126/><D126/><U8/><E2/><V1/><F1/><W56/><G127/><T72/><D72/><U96/><E4/><V50/><F74/><W130/><G75/><T53/><D53/><U6/><E6/><V43/><F43/><W90/><G56/><N who="0" m="32847" /><D27/><U89/><E89/><V84/><F84/><N who="0" m="21506" /><T24/><DORA hai="51" /><D25/><U98/><E98/><V41/><F41/><W80/><G90/><T61/><D61/><U63/><E63/><V119/><F119/><W7/><G7/><T88/><D88/><U110/><E110/><V32/><F32/><W11/><G80/><T134/><D134/><AGARI ba="0,0" hai="36,38,45,50,52,76,77,78,133,134,135" m="4681" machi="134" ten="30,3900,0" yaku="20,1,52,1,54,1" doraHai="19,51" who="2" fromWho="0" sc="250,-39,250,0,250,39,250,0" /><INIT seed="1,0,0,3,3,8" ten="211,250,289,250" oya="1" hai0="24,68,3,76,123,23,56,126,65,9,7,103,127" hai1="77,27,129,116,11,50,109,70,84,110,73,97,64" hai2="30,99,91,49,87,72,105,79,42,95,78,113,119" hai3="18,111,57,90,66,67,128,16,22,17,83,94,5"/><U26/><E116/><V75/><F30/><W44/><G111/><N who="1" m="42506" /><E73/><N who="2" m="28235" /><F49/><W59/><G128/><T81/><D68/><U125/><E129/><V36/><F42/><W96/><G5/><T107/><D123/><U12/><E125/><V135/><F36/><W85/><G44/><T14/><D103/><U55/><E97/><V15/><F15/><W134/><G134/><T19/><D107/><U62/><E84/><V108/><F108/><W41/><G41/><T40/><D40/><U0/><E77/><N who="2" m="29195" /><F119/><W52/><G57/><T88/><D76/><U80/><E80/><N who="2" m="49639" /><F135/><W51/><G22/><T124/><D65/><U130/><E130/><V60/><F60/><W102/><AGARI ba="0,0" hai="16,17,18,51,52,59,66,67,83,85,90,94,96,102" machi="102" ten="30,7900,0" yaku="0,1,8,1,54,2" doraHai="8" who="3" fromWho="3" sc="211,-20,250,-39,289,-20,250,79" /><INIT seed="2,0,0,2,0,98" ten="191,211,269,329" oya="2" hai0="47,112,1,60,102,135,33,46,119,40,51,73,69" hai1="4,22,64,113,54,93,89,30,127,111,43,115,32" hai2="61,100,76,131,67,23,29,106,78,25,129,10,42" hai3="114,49,8,123,62,104,108,121,82,70,118,125,80"/><V45/><F10/><W63/><G104/><T12/><D1/><U97/><E111/><V19/><F19/><W3/><G108/><T110/><D112/><U37/><E127/><V68/><F106/><W34/><G34/><T86/><D73/><U109/><E109/><V27/><F100/><W44/><G118/><T91/><D33/><U39/><E32/><V56/><F68/><W83/><G125/><T38/><D110/><U94/><E64/><V71/><F27/><W28/><G28/><T103/><D135/><U53/><E113/><V95/><F95/><W52/><G114/><T122/><D122/><U35/><E35/><V20/><F20/><W101/><G101/><T31/><D31/><U9/><E115/><V77/><REACH who="2" step="1"/><F71/><REACH who="2" ten="191,211,259,329" step="2"/><W7/><G70/><T132/><D132/><U79/><E93/><V90/><F90/><W18/><G18/><T21/><D69/><U26/><E89/><V105/><F105/><W85/><G121/><T48/><D21/><U55/><E94/><V36/><AGARI ba="0,1" hai="23,25,29,36,42,45,56,61,67,76,77,78,129,131" machi="36" ten="30,12000,1" yaku="1,1,0,1,53,3" doraHai="98" doraHaiUra="72" who="2" fromWho="2" sc="191,-40,211,-40,259,130,329,-40" /><INIT seed="2,1,0,3,3,73" ten="151,171,389,289" oya="2" hai0="55,113,46,21,129,63,111,13,16,98,89,119,49" hai1="51,117,56,0,135,91,87,70,54,66,69,85,29" hai2="23,34,99,5,64,102,88,39,77,44,115,62,121" hai3="95,82,40,4,20,124,132,52,17,14,3,120,48"/><V53/><F115/><W94/><G120/><T118/><D113/><U81/><E0/><V133/><F34/><W57/><G132/><T86/><D111/><U110/><E110/><V12/><F121/><W43/><G124/><T59/><D129/><U76/><E117/><V97/><F133/><W32/><G32/><T61/><D98/><U114/><E135/><V100/><F77/><W24/><G3/><T105/><D105/><U18/><E114/><V101/><F88/><W131/><G82/><T71/><D71/><U28/><E18/><V30/><F5/><W116/><G131/><T128/><D128/><U103/><E103/><V72/><F72/><W67/><G67/><T26/><D26/><U9/><E9/><V93/><F99/><W41/><G116/><N who="0" m="44587" /><D46/><U130/><E130/><V107/><F107/><W50/><REACH who="3" step="1"/><G48/><REACH who="3" ten="151,171,389,279" step="2"/><T90/><D90/><U112/><E112/><V11/><F39/><W109/><G109/><T38/><D38/><U45/><E69/><V27/><F64/><W122/><G122/><T36/><D36/><U79/><E70/><V10/><F101/><W83/><G83/><AGARI ba="1,1" hai="13,16,21,49,55,59,61,63,83,86,89" m="44587" machi="83" ten="30,2000,0" yaku="12,1,54,1" doraHai="73" who="0" fromWho="3" sc="151,33,171,0,389,0,279,-23" /><INIT seed="3,0,0,1,3,93" ten="184,171,389,256" oya="3" hai0="46,49,92,94,130,45,95,117,53,66,32,105,123" hai1="51,24,86,64,42,8,91,82,133,48,47,87,2" hai2="79,120,62,84,61,71,108,76,22,36,113,118,121" hai3="11,97,3,122,67,90,127,9,55,30,31,35,40"/><W52/><G122/><N who="2" m="47209" /><F113/><W56/><G127/><T131/><D123/><U103/><E133/><V65/><F118/><W23/><G40/><T98/><D117/><U96/><E64/><N who="2" m="41359" /><F108/><W102/><G35/><T69/><D32/><U109/><E109/><V25/><F84/><W10/><G90/><T126/><D126/><U54/><E86/><V58/><F36/><W115/><G115/><T124/><D124/><U7/><E24/><V114/><F114/><W83/><G83/><T4/><D4/><U60/><E60/><V119/><F119/><W5/><G67/><T19/><D19/><AGARI ba="0,0" hai="19,22,25,58,62,65,76,79" m="41359,47209" machi="19" ten="30,1000,0" yaku="13,1" doraHai="93" who="2" fromWho="0" sc="184,-10,171,0,389,10,256,0" /><INIT seed="4,0,0,1,0,131" ten="174,171,399,256" oya="0" hai0="63,121,31,66,62,96,30,43,1,91,123,98,24" hai1="26,71,51,14,50,6,37,129,38,125,54,34,84" hai2="15,109,75,86,102,57,133,27,81,87,92,5,28" hai3="8,104,13,122,80,105,42,95,3,46,45,17,124"/><T33/><D1/><U64/><E129/><V126/><F109/><W89/><G124/><T9/><D43/><U25/><E125/><V39/><F126/><W88/><G122/><T29/><D29/><U94/><E64/><V55/><F39/><W111/><G111/><T76/><D76/><U52/><E71/><V110/><F110/><W59/><G3/><T60/><D66/><U83/><E94/><V112/><F112/><W93/><G80/><T101/><D30/><U77/><E34/><V74/><F15/><W36/><G46/><T117/><D117/><U118/><E118/><V10/><F10/><W19/><G59/><T16/><D91/><U56/><E37/><V0/><F5/><W134/><G19/><T40/><D40/><U2/><E2/><V99/><F0/><W97/><REACH who="3" step="1"/><G134/><REACH who="3" ten="174,171,399,246" step="2"/><T72/><D72/><U130/><E130/><V22/><F133/><W82/><G82/><T7/><D7/><U47/><E38/><V108/><F108/><W12/><G12/><N who="0" m="7183" /><D123/><U18/><REACH who="1" step="1"/><E6/><REACH who="1" ten="174,161,399,246" step="2"/><V11/><F81/><W114/><G114/><T132/><D121/><U69/><E69/><V78/><F75/><W90/><G90/><T67/><D132/><U85/><E85/><AGARI ba="0,2" hai="8,13,17,36,42,45,85,88,89,93,95,97,104,105" machi="85" ten="30,3900,0" yaku="1,1,7,1,54,1,53,0" doraHai="131" doraHaiUra="48" who="3" fromWho="1" sc="174,0,161,-39,399,0,246,59" /><INIT seed="5,0,0,0,5,104" ten="174,122,399,305" oya="1" hai0="11,43,133,59,75,79,1,14,118,111,29,91,21" hai1="40,8,19,120,107,31,65,32,54,116,125,106,63" hai2="10,108,36,60,71,99,87,117,109,45,88,84,80" hai3="123,122,20,24,121,4,74,15,37,13,26,16,57"/><U46/><E120/><V78/><F117/><W17/><G37/><T48/><D111/><U83/><E116/><V81/><F99/><W134/><G74/><T61/><D1/><U23/><E125/><V110/><F10/><N who="3" m="4295" /><G57/><T2/><D2/><U77/><E54/><V64/><F36/><W38/><G38/><T135/><D118/><U35/><E8/><V69/><REACH who="2" step="1"/><F45/><REACH who="2" ten="174,122,389,305" step="2"/><W34/><G134/><T66/><D133/><U3/><E3/><V42/><F42/><W30/><G122/><T97/><D43/><U127/><E127/><V105/><F105/><W70/><G70/><AGARI ba="0,1" hai="60,64,69,70,71,78,80,81,84,87,88,108,109,110" machi="70" ten="40,2600,0" yaku="1,1,54,1,53,0" doraHai="104" doraHaiUra="98" who="2" fromWho="3" sc="174,0,122,0,389,36,305,-26" /><INIT seed="6,0,0,3,5,124" ten="174,122,425,279" oya="2" hai0="109,103,104,8,62,27,92,71,52,107,60,65,121" hai1="131,32,64,112,116,43,126,22,132,30,0,68,72" hai2="123,58,56,74,5,10,82,9,15,63,110,7,97" hai3="59,17,90,48,25,35,101,96,57,23,47,44,79"/><V6/><F123/><W77/><G35/><T55/><D121/><U53/><RYUUKYOKU type="yao9" ba="0,0" sc="174,0,122,0,425,0,279,0" hai1="0,22,30,32,43,53,64,68,72,112,116,126,131,132" /><INIT seed="6,1,0,2,3,114" ten="174,122,425,279" oya="2" hai0="102,43,36,103,51,19,9,118,50,70,100,28,52" hai1="32,73,106,71,119,60,77,125,84,47,53,17,24" hai2="59,13,113,0,38,87,111,12,123,131,40,83,62" hai3="68,33,26,48,8,11,95,90,133,31,75,74,134"/><V39/><F0/><W34/><G68/><T105/><D70/><U16/><E125/><V132/><F123/><W63/><G63/><T10/><D36/><U14/><E73/><N who="3" m="27658" /><G48/><T115/><D115/><U66/><E106/><V5/><F113/><W4/><G4/><T89/><D105/><U30/><E119/><V22/><F62/><W112/><G34/><T65/><D65/><U122/><E122/><V107/><F5/><W46/><G46/><N who="0" m="25951" /><D118/><U78/><E84/><V92/><F59/><W37/><G112/><T135/><D135/><N who="3" m="51721" /><G37/><T6/><D28/><U126/><E126/><V96/><F22/><W57/><G57/><T82/><D19/><U127/><E127/><V67/><F67/><W7/><G7/><T104/><D6/><U80/><E80/><V91/><F40/><W15/><G15/><T110/><D10/><U81/><E81/><V23/><F23/><W2/><G2/><T76/><D9/><U27/><E27/><V58/><F58/><W86/><AGARI ba="1,0" hai="8,11,26,31,33,86,90,95" m="51721,27658" machi="86" ten="30,1100,0" yaku="20,1" doraHai="114" who="3" fromWho="3" sc="174,-4,122,-4,425,-6,279,14" /><INIT seed="7,0,0,2,1,134" ten="170,118,419,293" oya="3" hai0="55,31,52,87,8,17,47,80,72,0,68,132,49" hai1="97,12,118,74,1,75,41,102,56,125,38,124,95" hai2="50,69,110,100,86,94,11,57,43,53,117,32,85" hai3="121,126,29,82,14,78,107,7,27,48,62,22,93"/><W90/><G107/><T91/><D68/><U60/><E1/><V111/><F117/><W23/><G121/><T5/><D132/><U104/><E118/><V71/><F32/><W39/><G39/><T133/><D133/><U58/><E58/><V59/><F43/><W26/><G62/><T120/><D120/><U83/><E12/><V106/><F106/><W81/><G78/><T36/><D36/><U131/><E131/><V135/><F135/><W13/><G48/><T76/><D17/><U77/><E75/><V37/><F37/><W2/><G2/><T96/><D96/><U21/><E21/><V45/><F71/><W109/><G109/><T128/><D31/><U113/><E113/><V114/><F69/><W61/><G61/><T42/><D128/><U129/><E129/><V115/><F111/><W4/><G93/><AGARI ba="0,0" hai="0,5,8,42,47,49,52,55,72,76,80,87,91,93" machi="93" ten="30,2000,0" yaku="7,1,54,1" doraHai="134" who="0" fromWho="3" sc="170,20,118,0,419,0,293,-20" owari="190,-21.0,118,-38.0,419,52.0,273,7.0" /></mjloggm>