<mjloggm ver="2.3"><GO type="169" lobby="0"/><UN n0="%E3%83%A2%E3%83%AD%E3%83%98%E3%82%A4%E3%83%A4" n1="%E3%82%BF%E3%83%A9%E3%83%95%E3%83%9E%E3%83%A9%E6%97%8F" n2="%74%72%69%65%74%74%61" n3="%E6%B2%96%E3%83%92%E3%82%AB%E3%83%AB%EF%BC%88%E6%9C%AC%E7%89%A9%EF%BC%89" dan="16,16,16,16" rate="2071.07,2003.68,2110.73,2111.33" sx="M,M,M,F"/><TAIKYOKU oya="0"/><INIT seed="0,0,0,5,1,10" ten="250,250,250,250" oya="0" hai0="130,65,115,53,120,34,78,109,26,122,31,4,73" hai1="36,68,19,12,131,113,82,93,116,28,49,85,35" hai2="126,45,103,112,95,72,16,23,60,57,54,123,110" hai3="62,6,76,3,32,20,5,2,63,84,33,52,43"/><T69/><D115/><U67/><E36/><V114/><F123/><W135/><G43/><T99/><D130/><U0/><E0/><V91/><F72/><W61/><G135/><T96/><D4/><U132/><E116/><V56/><F110/><W41/><G41/><T107/><D99/><U74/><E74/><V119/><F126/><W111/><G111/><T46/><D53/><U102/><E49/><V92/><F119/><W128/><G20/><T90/><D90/><U40/><E40/><V38/><F38/><W81/><G128/><T101/><D46/><U58/><E68/><V100/><F45/><W133/><G133/><T75/><D109/><U94/><E35/><V42/><F42/><W79/><G52/><T44/><D44/><U127/><E127/><V118/><F118/><W89/><G89/><T15/><D15/><U134/><E102/><N who="2" m="38955" /><F114/><W21/><G21/><T129/><D129/><U108/><E108/><V39/><F39/><W47/><G47/><T30/><D30/><U105/><E105/><V66/><F91/><W64/><G63/><N who="0" m="40127" /><D73/><U106/><E28/><V17/><F112/><W88/><G88/><T98/><D98/><U7/><E113/><V71/><F71/><W25/><G64/><T87/><D87/><U22/><E131/><V29/><F29/><W48/><G84/><T27/><D27/><U9/><E134/><V80/><F80/><AGARI ba="0,0" hai="26,31,34,75,78,80,96,101,107,120,122" m="40127" machi="80" ten="30,2900,0" yaku="25,1,23,1" doraHai="10" who="0" fromWho="2" sc="250,29,250,0,250,-29,250,0" /><INIT seed="0,1,0,2,4,99" ten="279,250,221,250" oya="0" hai0="38,117,87,49,119,79,77,43,69,112,35,130,104" hai1="25,125,70,22,4,44,120,26,13,46,27,109,48" hai2="63,96,111,113,90,133,107,131,80,52,123,55,21" hai3="101,95,116,18,71,41,83,65,92,32,11,61,129"/><T15/><D35/><U135/><E120/><V20/><F123/><W30/><G116/><T91/><D69/><U51/><E70/><V29/><F113/><W42/><G129/><T74/><D38/><U56/><E125/><V2/><F2/><W66/><G83/><T76/><D74/><U132/><E109/><V31/><F131/><W24/><G66/><T86/><D104/><U82/><E82/><V12/><F111/><W16/><G95/><T3/><D3/><U118/><E118/><V50/><F133/><N who="1" m="51273" /><E56/><N who="2" m="35207" /><F107/><W67/><G67/><T17/><D130/><U100/><E100/><V115/><F115/><W122/><G122/><T34/><D34/><U127/><E127/><V73/><F73/><W37/><G37/><T14/><D112/><U23/><E4/><V108/><F108/><W78/><G78/><T94/><D87/><U8/><E8/><V102/><F102/><W64/><G64/><T0/><D0/><U97/><E97/><V84/><F96/><W110/><G110/><T121/><D121/><U62/><E62/><V6/><F6/><W93/><G93/><T126/><D126/><U45/><E13/><V134/><F134/><W9/><G9/><T1/><D14/><U103/><E103/><V40/><F40/><N who="3" m="15467" /><G11/><N who="0" m="6399" /><D1/><U60/><E60/><V36/><F36/><W54/><G54/><T19/><D119/><U106/><E106/><V10/><F10/><W28/><G32/><T59/><D117/><U47/><N who="1" m="11264" /><DORA hai="72" /><U39/><E39/><V114/><F114/><W89/><G71/><T58/><D19/><U5/><E5/><V68/><F68/><RYUUKYOKU ba="1,0" sc="279,15,250,15,221,-15,250,-15" hai0="43,49,58,59,76,77,79,86,91,94" hai1="22,23,25,26,27,48,51" /><INIT seed="0,2,0,0,1,81" ten="294,265,206,235" oya="0" hai0="1,97,125,92,67,39,112,116,32,63,68,80,12" hai1="69,54,100,133,28,41,30,40,35,105,45,13,78" hai2="36,72,89,42,21,84,83,23,70,20,106,121,96" hai3="132,0,46,14,85,114,24,98,6,117,87,115,130"/><T74/><D1/><U104/><E69/><V134/><F121/><W109/><G117/><T135/><D32/><U17/><E105/><V88/><F70/><W90/><G0/><T53/><D39/><U31/><E133/><V86/><F134/><W95/><G132/><T127/><D116/><U10/><E35/><V19/><F72/><W126/><G130/><T4/><D135/><U52/><E78/><V102/><F42/><W110/><G126/><T26/><D26/><U25/><E104/><V38/><REACH who="2" step="1"/><F19/><REACH who="2" ten="294,265,196,235" step="2"/><W48/><G115/><T33/><D74/><U22/><E100/><V9/><F9/><N who="3" m="4407" /><G114/><T128/><D68/><U91/><E41/><V3/><F3/><W101/><G101/><T82/><D112/><U43/><E43/><V131/><F131/><W119/><G119/><T111/><D128/><U58/><E40/><V50/><F50/><W123/><G123/><T37/><D37/><U59/><E17/><V120/><F120/><W99/><G48/><T118/><D118/><U51/><E10/><V94/><AGARI ba="2,1" hai="20,21,23,36,38,83,84,86,88,89,94,96,102,106" machi="94" ten="30,8000,1" yaku="1,1,0,1,52,2,54,1,53,0" doraHai="81" doraHaiUra="62" who="2" fromWho="2" sc="294,-42,265,-22,196,96,235,-22" /><INIT seed="1,0,0,2,3,101" ten="252,243,292,213" oya="1" hai0="127,86,130,20,129,60,4,50,79,44,80,109,17" hai1="45,95,16,0,133,49,52,92,105,39,64,122,47" hai2="126,69,123,116,11,99,82,19,88,114,93,35,62" hai3="81,53,1,29,14,56,68,134,2,118,75,74,124"/><U28/><E122/><V90/><F35/><W43/><G68/><T55/><D109/><U104/><E0/><V51/><F123/><W37/><G29/><T100/><D127/><U30/><E133/><V40/><F116/><W25/><G25/><T42/><D4/><U83/><E64/><V58/><F114/><W34/><G34/><T110/><D110/><U6/><E6/><V3/><F126/><W10/><G75/><T65/><D100/><U8/><E83/><V125/><F125/><W98/><G134/><T77/><D77/><U63/><E63/><V48/><F69/><W7/><G118/><T67/><D42/><U121/><E121/><V120/><F120/><W26/><G26/><T13/><REACH who="0" step="1"/><D67/><REACH who="0" ten="242,243,292,213" step="2"/><U115/><E115/><V96/><F40/><W70/><G43/><T21/><D21/><U85/><E39/><V128/><F128/><W31/><G37/><T103/><D103/><U132/><E132/><V91/><F91/><W71/><G124/><T108/><D108/><U89/><E89/><V131/><F131/><W46/><G7/><T38/><D38/><U5/><E5/><V84/><F3/><W54/><G2/><T119/><D119/><U15/><E8/><V9/><F99/><W18/><G1/><T32/><D32/><U87/><E87/><V76/><F76/><W41/><G98/><T12/><D12/><U61/><E85/><V106/><F11/><W23/><G10/><T66/><D66/><U135/><E15/><N who="2" m="7663" /><F106/><W113/><G113/><T102/><D102/><U59/><E135/><V22/><F22/><W97/><G23/><RYUUKYOKU ba="0,1" sc="242,15,243,-15,292,15,213,-15" hai0="13,17,20,44,50,55,60,65,79,80,86,129,130" hai2="48,51,58,62,82,84,88,90,93,96" /><INIT seed="2,1,1,1,3,30" ten="257,228,307,198" oya="2" hai0="65,89,12,110,22,23,90,55,43,51,44,9,18" hai1="129,3,45,74,63,108,20,4,59,61,36,78,10" hai2="39,47,98,26,2,102,16,0,7,134,56,123,135" hai3="125,40,71,28,50,15,48,60,81,34,120,93,118"/><V92/><F123/><W106/><G118/><T17/><D65/><U96/><E108/><V113/><F113/><W104/><G120/><T95/><D110/><U1/><E1/><V64/><F47/><W105/><G93/><T54/><D9/><U58/><E20/><N who="2" m="13575" /><F39/><W132/><G15/><T49/><D95/><U114/><E96/><V80/><F80/><W79/><G40/><T75/><D75/><U70/><E129/><V6/><F6/><W128/><G128/><T99/><D99/><U53/><E70/><V131/><F7/><W82/><G82/><T91/><REACH who="0" step="1"/><D51/><REACH who="0" ten="247,228,307,198" step="2"/><U112/><E112/><V13/><F131/><W124/><G50/><T19/><D19/><U69/><E114/><V77/><F64/><N who="3" m="41351" /><G48/><T130/><D130/><U126/><E74/><V11/><F92/><W68/><G68/><T25/><AGARI ba="1,2" hai="12,17,18,22,23,25,43,44,49,54,55,89,90,91" machi="25" ten="30,4000,0" yaku="1,1,0,1,8,1,53,0" doraHai="30" doraHaiUra="83" who="0" fromWho="0" sc="247,63,228,-11,307,-21,198,-11" /><INIT seed="3,0,0,5,3,32" ten="310,217,286,187" oya="3" hai0="111,52,116,62,91,5,25,15,47,27,57,76,87" hai1="3,86,129,124,120,102,63,37,118,90,93,83,7" hai2="54,103,133,46,95,72,51,45,106,92,73,108,12" hai3="112,1,38,20,65,33,44,99,82,80,66,105,67"/><W13/><G112/><T107/><D107/><U100/><E37/><V121/><F106/><W48/><G33/><T4/><D116/><U35/><E35/><V34/><F34/><W17/><G38/><T11/><D76/><U110/><E120/><V60/><F108/><W14/><G1/><T81/><D111/><U75/><E110/><V10/><F133/><W89/><G105/><T134/><D134/><U49/><E49/><V97/><F121/><W131/><G131/><T113/><D113/><U0/><E63/><V109/><F109/><W128/><G128/><T28/><D4/><U30/><E129/><V8/><F8/><W22/><G99/><T122/><D122/><U114/><E114/><V9/><F9/><W58/><G58/><T84/><D28/><U36/><E36/><V71/><F46/><W18/><REACH who="3" step="1"/><G89/><REACH who="3" ten="310,217,286,177" step="2"/><N who="0" m="51343" /><D47/><U88/><E118/><V40/><F71/><W119/><G119/><T78/><D78/><U117/><E117/><V123/><F123/><W64/><N who="3" m="16896" /><DORA hai="132" /><W96/><G96/><T79/><D79/><U55/><E90/><V29/><F97/><W85/><G85/><T61/><D61/><U68/><E88/><V70/><F70/><W21/><G21/><T98/><D98/><U41/><E86/><V39/><F60/><W6/><G6/><T42/><D91/><U126/><E7/><V94/><F103/><W23/><G23/><T53/><D87/><U43/><E68/><V16/><F39/><W31/><G31/><T77/><D77/><U19/><E102/><V130/><F29/><W26/><G26/><T56/><D62/><RYUUKYOKU ba="0,1" sc="310,-10,217,-10,286,-10,177,30" hai3="13,14,17,18,20,22,44,48,80,82" /><INIT seed="3,1,1,0,5,26" ten="300,207,276,207" oya="3" hai0="85,22,115,99,20,56,104,86,88,15,32,73,3" hai1="25,129,132,21,10,131,126,46,75,68,64,74,6" hai2="47,107,117,120,118,133,65,109,24,66,70,96,18" hai3="36,90,1,31,23,108,97,2,82,59,121,48,52"/><W113/><G113/><T127/><D3/><U114/><E114/><V116/><F47/><W67/><G121/><T102/><D32/><U72/><E46/><V125/><F70/><W19/><G36/><T28/><D73/><U39/><E39/><V13/><F24/><N who="3" m="16799" /><G2/><T78/><D115/><U95/><E95/><V27/><F27/><W17/><G1/><T33/><D33/><U77/><E132/><V122/><F109/><W94/><G108/><T42/><D42/><U14/><E126/><V45/><F45/><N who="3" m="27663" /><G82/><T50/><D28/><N who="1" m="17455" /><E64/><N who="2" m="24683" /><F133/><W100/><G90/><T93/><D88/><U111/><E68/><V134/><F134/><W91/><G91/><T35/><D35/><U124/><E124/><V80/><F80/><W11/><G11/><T92/><D22/><U135/><E135/><V12/><F125/><W9/><G9/><T7/><D20/><U83/><E111/><V41/><F122/><W58/><G58/><T76/><D56/><U63/><E63/><AGARI ba="1,1" hai="17,19,59,63,67,94,97,100" m="27663,16799" machi="63" ten="30,11600,0" yaku="25,1,8,1,52,1,54,1" doraHai="26" who="3" fromWho="1" sc="300,0,207,-119,276,0,207,129" /><INIT seed="3,2,0,2,4,18" ten="300,88,276,336" oya="3" hai0="69,87,31,15,36,21,11,103,84,119,123,98,106" hai1="124,95,127,33,30,122,50,14,108,96,60,5,23" hai2="35,126,39,130,72,44,34,26,8,113,75,118,41" hai3="47,45,120,93,83,59,27,81,43,121,68,52,40"/><W49/><G68/><T125/><D69/><U66/><E122/><V115/><F118/><W109/><G93/><T131/><D36/><U13/><E108/><V25/><F8/><W51/><G109/><T94/><D123/><U74/><E74/><V105/><F130/><W100/><G100/><T16/><D119/><U4/><E33/><V85/><F85/><W67/><G67/><T54/><D131/><U91/><E50/><V10/><F126/><N who="1" m="48169" /><E13/><V7/><F26/><W70/><G70/><T55/><D125/><U65/><E65/><V64/><F64/><W17/><G121/><T6/><D31/><U97/><E96/><V134/><F105/><W90/><G120/><T63/><D106/><U73/><E73/><N who="2" m="28235" /><F134/><W116/><G90/><T56/><REACH who="0" step="1"/><D55/><REACH who="0" ten="290,88,276,336" step="2"/><U42/><E30/><N who="2" m="19791" /><F35/><W86/><G116/><T0/><AGARI ba="2,1" hai="0,6,11,15,16,21,54,56,63,84,87,94,98,103" machi="0" ten="20,12000,2" yaku="1,1,0,1,7,1,52,1,54,1,53,1" doraHai="18" doraHaiUra="48" who="0" fromWho="0" sc="290,136,88,-32,276,-32,336,-62" /><INIT seed="4,0,0,4,2,109" ten="426,56,244,274" oya="0" hai0="100,57,101,13,131,63,26,6,95,39,78,88,18" hai1="67,2,79,94,34,89,70,96,45,105,12,73,10" hai2="104,15,58,30,116,66,133,118,28,111,81,42,65" hai3="68,77,1,71,3,43,87,46,102,75,36,106,22"/><T31/><D39/><U84/><E34/><V21/><F104/><W91/><G22/><T125/><D6/><U54/><E2/><N who="3" m="522" /><G87/><T59/><D78/><U0/><E0/><V122/><F111/><W126/><G91/><T123/><D123/><U52/><E70/><N who="3" m="26666" /><G126/><T51/><D51/><U108/><E67/><N who="2" m="25611" /><F122/><W113/><G102/><T128/><D125/><U11/><E108/><V49/><F81/><N who="3" m="45247" /><G106/><T16/><D101/><N who="1" m="62631" /><E45/><N who="2" m="25783" /><F58/><W38/><G38/><T82/><D100/><U5/><E11/><V40/><F40/><W99/><G99/><T72/><D82/><AGARI ba="0,0" hai="5,10,12,52,54,73,79,82,84,89,94" m="62631" machi="82" ten="30,2000,0" yaku="24,1,54,1" doraHai="109" who="1" fromWho="0" sc="426,-20,56,20,244,0,274,0" /><INIT seed="5,0,0,2,3,75" ten="406,76,244,274" oya="1" hai0="125,18,1,33,44,53,38,7,80,89,29,2,35" hai1="94,72,20,26,118,41,106,82,0,87,49,76,105" hai2="50,56,78,91,104,119,73,120,102,79,90,97,83" hai3="86,111,84,121,81,60,16,64,66,117,42,99,95"/><U113/><E118/><V24/><F119/><W101/><G121/><T69/><D69/><U52/><E0/><V85/><F120/><W5/><G111/><T122/><D122/><U77/><E113/><V25/><F50/><W54/><G117/><T11/><D1/><U28/><E41/><V129/><F56/><W112/><G112/><T114/><D114/><U3/><E3/><V100/><F24/><W34/><G5/><T61/><D125/><U19/><E106/><N who="2" m="63759" /><F25/><W128/><G34/><T10/><D29/><U23/><E105/><V8/><F8/><W47/><G86/><T43/><D89/><N who="2" m="33802" /><F129/><W9/><G128/><T15/><D80/><U123/><E123/><V21/><F21/><W14/><G60/><T108/><D108/><U30/><E94/><V27/><F27/><W62/><G62/><T107/><D107/><U31/><E23/><V132/><F132/><W65/><G54/><T131/><D131/><U46/><REACH who="1" step="1"/><E72/><REACH who="1" ten="406,66,244,274" step="2"/><V55/><F104/><W130/><G130/><T48/><D35/><U134/><E134/><V67/><F73/><W103/><G42/><T98/><D33/><U36/><E36/><V59/><F83/><W22/><G22/><T133/><D133/><U57/><E57/><V51/><F85/><W96/><G47/><T115/><D38/><U4/><E4/><V17/><F102/><N who="3" m="38923" /><G95/><T13/><D2/><U12/><E12/><V58/><F17/><W124/><G124/><T93/><D43/><U74/><E74/><V63/><F59/><W71/><G71/><T127/><D127/><U40/><E40/><V68/><AGARI ba="0,1" hai="51,55,58,63,67,68,78,79" m="33802,63759" machi="68" ten="30,4000,0" yaku="5,1,52,2" doraHai="75" who="2" fromWho="2" sc="406,-10,66,-20,244,50,274,-10" /><INIT seed="6,0,0,5,3,55" ten="396,46,294,264" oya="2" hai0="34,60,104,133,89,80,46,39,37,75,51,124,122" hai1="31,7,77,128,53,25,20,131,69,82,12,119,40" hai2="92,33,109,132,120,62,16,130,123,11,121,125,91" hai3="113,93,5,108,66,52,22,8,14,73,47,64,106"/><V13/><F132/><W72/><G106/><T71/><D34/><U18/><E119/><V27/><F130/><W126/><G108/><T83/><D104/><U105/><E105/><V21/><F125/><W94/><G126/><T43/><D124/><U36/><E7/><V90/><F109/><W88/><G113/><T129/><D122/><U29/><E69/><V107/><F107/><W3/><G94/><T15/><D133/><U111/><E111/><V57/><F33/><W102/><G102/><T58/><D71/><U95/><E40/><V54/><REACH who="2" step="1"/><F92/><REACH who="2" ten="396,46,284,264" step="2"/><W70/><G73/><T78/><D75/><U127/><E127/><V114/><F114/><W30/><G72/><T110/><D129/><U67/><E95/><V135/><F135/><W103/><G103/><T118/><D110/><U32/><E128/><V99/><F99/><W79/><G79/><T61/><D78/><U2/><E131/><V101/><F101/><W85/><G70/><T26/><D118/><U48/><E32/><V9/><F9/><W41/><G93/><T74/><D74/><U38/><E77/><V56/><F56/><W84/><G8/><T42/><D58/><U23/><E23/><V96/><F96/><W35/><G22/><T98/><D98/><U10/><E20/><V49/><F49/><W86/><G35/><T134/><D51/><U65/><E10/><V87/><F87/><W6/><G85/><T1/><D134/><U19/><E48/><V116/><F116/><W45/><G86/><T68/><D68/><U0/><E38/><V76/><F76/><W97/><G84/><RYUUKYOKU ba="0,1" sc="396,-10,46,-10,284,30,264,-10" hai2="11,13,16,21,27,54,57,62,90,91,120,121,123" /><INIT seed="6,1,1,4,4,47" ten="386,36,314,254" oya="2" hai0="130,57,85,28,101,67,60,3,9,42,0,63,34" hai1="128,92,103,82,107,70,22,113,112,46,44,125,116" hai2="12,73,78,49,135,59,61,36,91,48,100,1,93" hai3="33,6,71,18,43,79,117,95,19,104,14,89,13"/><V62/><F1/><W99/><G117/><T4/><D0/><U120/><E70/><V134/><F36/><W72/><G33/><T111/><D111/><U122/><E107/><V15/><F100/><W98/><G71/><T54/><D130/><U40/><E22/><V11/><F78/><W41/><G6/><T20/><D34/><U86/><E44/><V108/><F73/><W106/><G79/><T2/><D2/><U133/><E46/><V118/><F62/><W124/><G72/><T121/><D121/><N who="1" m="46699" /><E40/><V90/><F90/><W30/><G30/><T10/><D42/><U96/><E128/><V80/><F80/><W32/><G32/><T56/><D101/><U119/><E133/><N who="2" m="50699" /><F108/><W50/><G124/><T84/><REACH who="0" step="1"/><D10/><REACH who="0" ten="376,36,314,254" step="2"/><U77/><E125/><V81/><F118/><AGARI ba="1,2" hai="77,82,86,92,96,103,112,113,116,118,119" m="46699" machi="118" ten="30,3900,0" yaku="13,1,34,2" doraHai="47" who="1" fromWho="2" sc="376,0,36,62,314,-42,254,0" /><INIT seed="7,0,0,2,5,74" ten="376,98,272,254" oya="3" hai0="12,59,110,121,50,36,123,131,63,107,127,125,71" hai1="38,67,80,132,114,13,96,75,98,22,109,60,52" hai2="37,89,43,27,78,84,8,48,17,16,73,1,33" hai3="112,70,2,55,24,115,105,101,30,45,86,83,129"/><W88/><G2/><T4/><D107/><U34/><E34/><V21/><F33/><W46/><G70/><T7/><D36/><U102/><E109/><V134/><F134/><W40/><G129/><T133/><D110/><U32/><E32/><V119/><F119/><W135/><G135/><T85/><D133/><U10/><E132/><V79/><F37/><W41/><G101/><T100/><D100/><U76/><E114/><N who="3" m="43562" /><G105/><T65/><D131/><U91/><E38/><V124/><F73/><W11/><G11/><T5/><D12/><U28/><E91/><V61/><F61/><W26/><G26/><T25/><D25/><U95/><E98/><V126/><F48/><N who="3" m="29071" /><G46/><T97/><D97/><U14/><E67/><V106/><F43/><W99/><G99/><T6/><D6/><U20/><E28/><V44/><F44/><W103/><G103/><T94/><D71/><U122/><E122/><V77/><F106/><W130/><G130/><T128/><D128/><U68/><E68/><V35/><F35/><AGARI ba="0,0" hai="24,30,35,40,41,83,86,88" m="29071,43562" machi="35" ten="30,2900,0" yaku="15,1,54,1" doraHai="74" who="3" fromWho="2" sc="376,0,98,0,272,-29,254,29" /><INIT seed="7,1,0,5,2,119" ten="376,98,243,283" oya="3" hai0="9,120,43,42,100,134,25,36,71,81,113,4,87" hai1="117,133,64,86,88,91,92,24,77,51,48,108,67" hai2="44,109,122,60,124,54,10,41,116,97,69,112,62" hai3="15,40,79,5,65,22,7,46,1,110,72,35,131"/><W68/><G35/><T73/><D71/><U20/><E108/><V16/><F109/><W94/><G110/><T30/><D120/><U12/><E133/><V135/><F116/><W50/><G131/><T80/><D73/><U121/><E121/><V59/><F135/><W129/><G129/><T6/><D100/><U32/><E32/><V21/><F124/><W13/><G1/><T127/><D134/><U96/><E77/><V84/><F112/><W58/><G68/><T23/><D80/><U47/><E117/><V55/><F84/><W78/><G94/><T82/><D81/><U107/><E12/><N who="3" m="4682" /><G22/><T3/><D6/><N who="3" m="2057" /><G72/><T104/><D104/><U0/><E0/><V102/><F10/><W34/><G34/><T49/><D36/><U106/><E106/><V85/><F85/><W2/><G2/><T11/><D11/><U27/><E107/><V17/><F122/><W130/><G130/><T52/><D127/><U76/><E76/><V45/><F69/><W89/><G89/><T28/><D28/><U126/><E126/><V118/><F118/><W99/><G99/><T101/><D101/><U61/><E61/><AGARI ba="1,0" hai="40,46,50,58,61,65,78,79" m="2057,4682" machi="61" ten="30,1500,0" yaku="8,1" doraHai="119" who="3" fromWho="1" sc="376,0,98,-18,243,0,283,18" /><INIT seed="7,2,0,3,1,2" ten="376,80,243,301" oya="3" hai0="91,114,27,1,88,92,120,122,128,32,11,42,81" hai1="130,35,48,54,63,76,56,10,52,80,113,53,46" hai2="78,105,23,19,106,75,108,70,110,6,133,124,8" hai3="69,58,95,13,129,64,86,94,61,17,7,20,97"/><W21/><G129/><T99/><D128/><U79/><E130/><V131/><F70/><W34/><G34/><T41/><D114/><U31/><E113/><V65/><F65/><W109/><G109/><T123/><D1/><U83/><E35/><V77/><F131/><W90/><G69/><T9/><D9/><U87/><E31/><V85/><F75/><W55/><G7/><T37/><D11/><U43/><E10/><V44/><F133/><W14/><G64/><T49/><D37/><U16/><E63/><V127/><F44/><W134/><G134/><T18/><D49/><U115/><E115/><V135/><F135/><W0/><G0/><T4/><D4/><U89/><E56/><V96/><F23/><W103/><REACH who="3" step="1"/><G21/><REACH who="3" ten="376,80,243,291" step="2"/><T57/><D32/><U121/><E121/><V73/><F108/><W28/><G28/><T126/><D123/><U116/><E116/><V100/><F110/><W93/><G93/><T82/><D92/><U66/><E66/><V33/><F33/><W30/><G30/><T40/><D122/><U36/><E36/><V22/><F105/><W39/><G39/><T68/><D120/><U67/><E67/><V107/><F107/><W104/><G104/><T84/><D68/><U3/><E3/><N who="2" m="95" /><F73/><W62/><G62/><T5/><D5/><U51/><E83/><N who="2" m="47343" /><F22/><W74/><G74/><T112/><D82/><U71/><E71/><V60/><F60/><W24/><AGARI ba="2,1" hai="13,14,17,20,24,55,58,61,86,90,94,95,97,103" machi="24" ten="20,7800,0" yaku="1,1,0,1,7,1,8,1,53,0" doraHai="2" doraHaiUra="45" who="3" fromWho="3" sc="376,-28,80,-28,243,-28,291,94" owari="348,15.0,52,-45.0,215,-18.0,385,48.0" /></mjloggm>