<mjloggm ver="2.3"><GO type="169" lobby="0"/><UN n0="%E3%81%97%E3%82%89%E3%81%9F%E3%81%BE" n1="%E2%80%A0%E7%99%BD%E5%85%8E%E2%80%A0" n2="%E6%AC%A1%E3%81%AF%E6%B3%95%E5%BB%B7%E3%81%A7%E4%BC%9A%E3%81%8A%E3%81%86" n3="%6D%61%74%6F%74%69%6E" dan="16,17,16,16" rate="2154.73,2198.96,2195.57,2061.21" sx="M,M,M,M"/><TAIKYOKU oya="0"/><INIT seed="0,0,0,3,1,61" ten="250,250,250,250" oya="0" hai0="9,90,93,81,53,60,63,79,32,95,101,123,23" hai1="16,111,109,91,72,39,105,76,98,18,99,67,11" hai2="113,29,12,106,19,4,97,43,17,34,121,71,102" hai3="50,66,73,131,10,45,27,135,108,13,5,132,92"/><T116/><D32/><U83/><E39/><V26/><F113/><W51/><G73/><T69/><D116/><U46/><E46/><V129/><F129/><W78/><G131/><T103/><D123/><U37/><E37/><V52/><F121/><W110/><G78/><T28/><D9/><U54/><E54/><V128/><F128/><W118/><G118/><T117/><D117/><U64/><E99/><V65/><F43/><N who="3" m="24895" /><G27/><N who="0" m="16511" /><D63/><U70/><E70/><V48/><F4/><W3/><G3/><T1/><D69/><U7/><E91/><V133/><F133/><N who="3" m="51275" /><G66/><N who="1" m="25130" /><E98/><V94/><F106/><W40/><G92/><N who="0" m="35403" /><D1/><U124/><E105/><V125/><F125/><W96/><G96/><T25/><D90/><U112/><E124/><V115/><F115/><W47/><AGARI ba="0,0" hai="5,10,13,40,47,51,108,110" m="51275,24895" machi="47" ten="30,1100,0" yaku="20,1" doraHai="61" who="3" fromWho="3" sc="250,-5,250,-3,250,-3,250,11" /><INIT seed="1,0,0,2,4,19" ten="245,247,247,261" oya="1" hai0="39,105,3,82,8,45,119,32,87,23,0,96,54" hai1="58,46,121,103,62,9,72,131,7,28,126,52,36" hai2="31,42,93,74,75,81,101,11,124,102,90,94,67" hai3="133,15,71,95,132,18,84,1,99,117,27,116,37"/><U70/><E121/><V17/><F124/><W130/><G71/><T122/><D32/><U89/><E126/><V21/><F42/><W20/><G37/><T108/><D119/><N who="3" m="45641" /><G84/><T61/><D108/><U77/><E131/><V13/><F67/><W73/><G73/><T57/><D8/><U43/><E103/><N who="2" m="39435" /><F75/><W127/><G127/><T112/><D96/><U129/><E129/><V79/><F74/><W24/><G130/><T55/><D105/><U48/><E28/><V134/><F79/><W110/><G110/><T65/><D112/><U16/><E89/><V14/><F134/><N who="3" m="51819" /><G1/><T60/><D122/><U86/><E86/><N who="2" m="50511" /><F31/><W85/><G85/><T59/><D0/><U34/><E77/><V25/><F25/><W114/><G114/><T40/><D3/><U4/><E72/><V106/><F106/><W63/><G63/><T68/><D87/><U66/><E34/><V6/><AGARI ba="0,0" hai="6,11,13,14,17,21,93,94" m="50511,39435" machi="6" ten="30,2000,0" yaku="8,1,52,1" doraHai="19" who="2" fromWho="2" sc="245,-5,247,-10,247,20,261,-5" /><INIT seed="2,0,0,4,4,122" ten="240,237,267,256" oya="2" hai0="93,38,75,100,54,22,77,130,14,26,82,23,63" hai1="123,126,127,40,87,64,12,55,6,35,19,41,73" hai2="60,101,34,112,85,135,116,7,117,72,5,74,36" hai3="39,96,27,134,16,46,70,50,51,61,86,106,21"/><V0/><F101/><W17/><G134/><T58/><D38/><U115/><E73/><V119/><F36/><W95/><G106/><T52/><D130/><U102/><E115/><V111/><F112/><W15/><G39/><T37/><D37/><U89/><E123/><V49/><F135/><W67/><G86/><T91/><D23/><U42/><E35/><V30/><F60/><W103/><REACH who="3" step="1"/><G46/><REACH who="3" ten="240,237,267,246" step="2"/><T56/><D75/><U20/><E87/><V44/><F85/><W33/><G33/><T4/><D77/><U25/><E127/><V83/><F74/><W133/><G133/><T107/><D107/><U48/><E126/><V128/><F72/><W79/><G79/><T129/><D129/><U10/><E48/><V66/><F128/><W43/><G43/><T125/><D125/><U108/><E42/><V90/><F49/><W132/><G132/><T80/><D80/><U53/><E41/><V84/><F83/><W109/><G109/><T24/><D82/><U124/><E108/><V71/><F111/><W68/><G68/><T8/><D63/><U47/><E40/><V120/><F71/><W3/><G3/><T94/><D56/><U113/><E124/><V76/><F0/><W62/><G62/><T131/><D58/><U78/><E78/><V57/><F76/><W18/><G18/><T1/><D1/><U11/><E113/><V13/><F57/><W81/><G81/><T9/><D131/><U45/><E45/><V99/><F84/><W69/><G69/><T92/><D92/><U28/><E47/><V114/><F114/><W88/><G88/><RYUUKYOKU ba="0,1" sc="240,-10,237,-10,267,-10,246,30" hai3="15,16,17,21,27,50,51,61,67,70,95,96,103" /><INIT seed="3,1,1,4,1,27" ten="230,227,257,276" oya="3" hai0="45,120,7,39,44,128,17,16,2,70,99,36,26" hai1="109,3,81,23,102,21,28,91,4,115,35,82,100" hai2="31,59,129,95,87,34,97,130,105,19,86,51,62" hai3="50,20,104,1,49,89,110,22,60,73,33,107,122"/><W88/><G122/><T42/><D26/><U96/><E115/><V71/><F105/><W90/><G73/><T54/><D99/><U18/><E35/><V106/><F106/><N who="3" m="40491" /><G60/><T113/><D54/><U121/><E109/><V0/><F0/><W32/><G1/><T14/><D2/><U134/><E134/><V79/><F71/><W15/><G110/><T135/><D70/><U74/><E74/><V55/><F19/><N who="0" m="7242" /><D42/><U123/><E3/><V25/><F62/><W43/><G43/><T40/><D40/><U66/><E18/><V132/><F132/><W12/><G32/><T63/><D120/><U77/><E96/><V80/><REACH who="2" step="1"/><F87/><REACH who="2" ten="230,227,247,276" step="2"/><W57/><G33/><T117/><D135/><U9/><E121/><V61/><F61/><W101/><G57/><T6/><D63/><U68/><E123/><V41/><F41/><W67/><G67/><T30/><D39/><U94/><E66/><V46/><F46/><W52/><G52/><T126/><D36/><U124/><E68/><V125/><F125/><W10/><G10/><T13/><D126/><U64/><E9/><V65/><F65/><W53/><G53/><T72/><D45/><U58/><E64/><V47/><F47/><W98/><G22/><T69/><D44/><U75/><E124/><V24/><F24/><W85/><G85/><T29/><D69/><U114/><E58/><V118/><F118/><W38/><G38/><T37/><D117/><U8/><E21/><V11/><F11/><W111/><G111/><T48/><D37/><U127/><E127/><V108/><F108/><W78/><G20/><RYUUKYOKU ba="1,2" sc="230,-10,227,-10,247,30,276,-10" hai2="25,31,34,51,55,59,79,80,86,95,97,129,130" /><INIT seed="4,2,2,4,4,99" ten="220,217,277,266" oya="0" hai0="36,112,108,130,38,117,132,59,65,109,94,12,104" hai1="43,87,8,52,56,92,51,74,122,116,71,68,58" hai2="79,47,15,35,106,55,131,62,22,78,3,44,49" hai3="134,93,31,95,1,54,64,13,97,63,11,46,69"/><T90/><D104/><U120/><E74/><V75/><F35/><W4/><G134/><T67/><D132/><U25/><E116/><V70/><F3/><W107/><G1/><T73/><D73/><U10/><E43/><V129/><F106/><W86/><G86/><T32/><D32/><U61/><E71/><V48/><F70/><W28/><G107/><T102/><D117/><U19/><E68/><V84/><F75/><W80/><G80/><T115/><D12/><U29/><E19/><N who="2" m="10623" /><F62/><W57/><G69/><T18/><D18/><U126/><E126/><V110/><F110/><N who="0" m="42602" /><D90/><N who="1" m="53343" /><E122/><V37/><F37/><N who="0" m="14442" /><D59/><U133/><E133/><V16/><F16/><W118/><G118/><T82/><D82/><U111/><E120/><V24/><F24/><W121/><G121/><T42/><D42/><U81/><E81/><V34/><F34/><W100/><G95/><T40/><D40/><U20/><E111/><V45/><F55/><AGARI ba="2,2" hai="8,10,20,25,29,51,52,55,56,58,61" m="53343" machi="55" ten="30,2000,0" yaku="8,1,54,1" doraHai="99" who="1" fromWho="2" sc="220,0,217,46,277,-26,266,0" /><INIT seed="5,0,0,5,2,83" ten="220,263,251,266" oya="1" hai0="28,31,135,132,1,22,76,98,5,78,128,9,85" hai1="32,71,121,50,130,30,127,109,108,77,84,40,46" hai2="133,60,48,62,61,93,24,111,52,10,26,12,36" hai3="67,124,11,118,106,97,53,20,70,21,18,75,107"/><U41/><E121/><V90/><F36/><W68/><G75/><T95/><D128/><U0/><E0/><V72/><F72/><W56/><G124/><T66/><D66/><U38/><E32/><V116/><F133/><N who="0" m="51274" /><D22/><U7/><E7/><V63/><F116/><W115/><G115/><T99/><D99/><U123/><E30/><N who="0" m="11305" /><D85/><U94/><E123/><V45/><N who="2" m="15360" /><DORA hai="59" /><V104/><F104/><W19/><G106/><T102/><AGARI ba="0,0" hai="1,5,9,76,78,95,98,102" m="11305,51274" machi="102" ten="30,1100,0" yaku="20,1" doraHai="83,59" who="0" fromWho="0" sc="220,11,263,-5,251,-3,266,-3" /><INIT seed="6,0,0,0,3,37" ten="231,258,248,263" oya="2" hai0="34,81,90,15,12,93,128,120,49,26,16,95,110" hai1="42,77,14,88,112,10,11,58,73,7,98,53,39" hai2="106,101,23,97,4,52,9,44,61,80,68,133,127" hai3="30,91,35,22,45,47,64,117,85,125,94,3,122"/><V21/><F127/><W18/><G122/><T46/><D120/><U79/><E112/><V99/><F133/><W27/><G117/><T132/><D132/><U118/><E73/><V116/><F116/><W5/><G125/><T70/><D70/><U96/><E118/><V19/><F99/><W123/><G123/><T87/><D110/><U48/><E98/><V135/><F135/><W8/><REACH who="3" step="1"/><G64/><REACH who="3" ten="231,258,248,253" step="2"/><T103/><D128/><U119/><E119/><V75/><F68/><W51/><G51/><T41/><D34/><U63/><E39/><V76/><F19/><W33/><G33/><T56/><D103/><U104/><E48/><V84/><F75/><W57/><G57/><T126/><D56/><U36/><E58/><V29/><F29/><W105/><G105/><T28/><D28/><U130/><E36/><V82/><F82/><W111/><G111/><T129/><D129/><U17/><E104/><V31/><F31/><W69/><G69/><T32/><D32/><U102/><E102/><V131/><F131/><W43/><G43/><T113/><D126/><U83/><E42/><V74/><F74/><W54/><G54/><T78/><D113/><U92/><E83/><V59/><REACH who="2" step="1"/><F44/><REACH who="2" ten="231,258,238,253" step="2"/><W65/><G65/><T66/><D66/><U71/><E71/><V114/><F114/><W121/><G121/><T89/><D16/><U67/><E130/><V2/><AGARI ba="0,2" hai="2,4,9,21,23,52,59,61,76,80,84,97,101,106" machi="2" ten="20,7800,0" yaku="1,1,0,1,7,1,54,1,53,0" doraHai="37" doraHaiUra="40" who="2" fromWho="2" sc="231,-26,258,-26,238,98,253,-26" /><INIT seed="6,1,0,4,1,83" ten="205,232,336,227" oya="2" hai0="97,114,124,27,87,110,22,57,64,9,17,78,0" hai1="93,55,109,62,104,25,37,30,95,100,65,31,76" hai2="102,21,112,54,113,36,39,88,28,85,99,45,129" hai3="19,86,34,128,118,20,47,90,89,26,111,13,75"/><V127/><F129/><W79/><G118/><T126/><D97/><U80/><E37/><V33/><F33/><W41/><G128/><T59/><D64/><U35/><E31/><V2/><F2/><W7/><G111/><T52/><D59/><U51/><E109/><V12/><F54/><W74/><G74/><T1/><D110/><U81/><E81/><N who="2" m="49199" /><F45/><W82/><G75/><T69/><D69/><U101/><E55/><V134/><F134/><W77/><G77/><T70/><D9/><U117/><E51/><V84/><F84/><W135/><G135/><T67/><D67/><U14/><E117/><V23/><F28/><W44/><G34/><T60/><D70/><U107/><E107/><V116/><F116/><W40/><G40/><T3/><D114/><N who="2" m="44138" /><F127/><N who="0" m="48682" /><D78/><U125/><E125/><V50/><F50/><N who="3" m="26895" /><G47/><T10/><D87/><U108/><E108/><V16/><F23/><W8/><AGARI ba="1,0" hai="7,8,13,19,20,26,79,82,86,89,90" m="26895" machi="8" ten="30,4000,0" yaku="25,1,8,1,52,1" doraHai="83" who="3" fromWho="3" sc="205,-11,232,-11,336,-21,227,43" /><INIT seed="7,0,0,4,0,20" ten="194,221,315,270" oya="3" hai0="18,62,35,55,94,59,11,80,69,19,107,90,21" hai1="37,43,8,72,125,57,52,75,77,76,1,53,2" hai2="33,26,132,17,29,85,65,112,83,50,48,122,111" hai3="104,89,34,133,120,36,109,91,47,38,68,9,116"/><W66/><G116/><T106/><D35/><U97/><E97/><V58/><F111/><W46/><G109/><T49/><D106/><U100/><E100/><V30/><F112/><W67/><G104/><T6/><D107/><U128/><E43/><V81/><F132/><W99/><G99/><T56/><D69/><U84/><E37/><V4/><F4/><W113/><G9/><T44/><D80/><U0/><E8/><V73/><F73/><W131/><G34/><T127/><D127/><U5/><E5/><V108/><F108/><W130/><G68/><T60/><D6/><U101/><E101/><V79/><F83/><W88/><G91/><T96/><D11/><U110/><E128/><V119/><F122/><W3/><G3/><T117/><D117/><U45/><E110/><V13/><F30/><W134/><G113/><T86/><D96/><U25/><E84/><V129/><F129/><W15/><G15/><T10/><D10/><U28/><E125/><V135/><F135/><W105/><G105/><T126/><D126/><U124/><E124/><V95/><F95/><W41/><G41/><T16/><D21/><N who="1" m="15407" /><E75/><V74/><F74/><W92/><G92/><T27/><D27/><U39/><E72/><V40/><F40/><W12/><G12/><T87/><D87/><U63/><E39/><V102/><F102/><W123/><AGARI ba="0,0" hai="36,38,46,47,66,67,88,89,120,123,130,131,133,134" machi="123" ten="25,9600,0" yaku="0,1,22,2,54,1" doraHai="20" who="3" fromWho="3" sc="194,-32,221,-32,315,-32,270,96" owari="162,-34.0,189,-21.0,283,8.0,366,47.0" /></mjloggm>