<mjloggm ver="2.3"><GO type="169" lobby="0"/><UN n0="%E3%81%9F%E3%81%8C%E3%82%84%E3%81%99" n1="%E5%AE%88%E6%9D%91%E6%A1%9C%E5%BC%A5" n2="%4E%4F%54%41" n3="%E6%84%9B%E5%86%85%E9%87%8C%E8%8F%9C" dan="17,17,17,18" rate="2219.61,2155.56,2116.12,2267.60" sx="M,M,M,F"/><TAIKYOKU oya="0"/><INIT seed="0,0,0,1,1,74" ten="250,250,250,250" oya="0" hai0="63,99,125,57,61,117,40,133,13,49,54,29,65" hai1="15,107,1,127,2,114,20,88,126,28,109,129,118" hai2="46,92,24,96,58,12,81,11,124,79,128,115,31" hai3="122,48,60,43,34,106,80,45,14,52,78,110,7"/><T73/><D73/><U87/><E107/><V98/><F124/><N who="1" m="47657" /><E118/><V23/><F128/><W8/><G110/><T18/><D125/><U103/><E103/><V121/><F121/><W71/><G122/><T68/><D133/><U97/><E97/><V101/><F115/><W70/><G34/><T85/><D117/><U36/><E36/><V33/><F96/><W5/><G106/><T38/><D99/><U130/><E109/><V9/><F58/><N who="3" m="34887" /><G5/><T42/><D29/><U37/><E37/><V86/><F33/><W47/><G47/><T62/><D85/><AGARI ba="0,0" hai="7,8,14,43,45,48,70,71,78,80,85" m="34887" machi="85" ten="30,3900,0" yaku="25,1,52,1,54,1" doraHai="74" who="3" fromWho="0" sc="250,-39,250,0,250,0,250,39" /><INIT seed="1,0,0,5,3,93" ten="211,250,250,289" oya="1" hai0="105,4,94,70,69,66,95,102,104,100,65,56,22" hai1="1,59,124,24,39,67,20,60,134,29,110,15,101" hai2="113,46,54,33,42,122,119,130,132,77,25,87,107" hai3="49,131,129,114,0,3,5,92,36,43,38,21,108"/><U116/><E116/><V123/><F107/><W10/><G114/><T45/><D4/><U31/><E1/><V98/><F119/><W30/><G0/><T96/><D45/><U97/><E124/><V115/><F54/><W99/><G108/><T12/><D12/><U28/><E110/><V9/><F132/><W41/><G30/><T78/><D22/><U121/><E121/><V18/><F130/><N who="3" m="49675" /><G21/><T133/><D56/><U74/><E134/><V75/><F87/><W128/><N who="3" m="49683" /><W57/><DORA hai="68" /><G57/><T76/><REACH who="0" step="1"/><D133/><REACH who="0" ten="201,250,250,289" step="2"/><U48/><E15/><V64/><F46/><N who="3" m="25807" /><G43/><T127/><D127/><U111/><E111/><V90/><F42/><W35/><G35/><T73/><D73/><U26/><E74/><V16/><F75/><W13/><G3/><T50/><D50/><U2/><E2/><V85/><F33/><W80/><G80/><T6/><D6/><U47/><E26/><V53/><F25/><W106/><G106/><T63/><D63/><U82/><E82/><V27/><F27/><W91/><AGARI ba="0,1" hai="5,10,13,36,38,91,92,99" m="25807,49683" machi="91" ten="40,8000,1" yaku="19,1,52,3" doraHai="93,68" who="3" fromWho="3" sc="201,-20,250,-40,250,-20,289,90" /><INIT seed="2,0,0,0,1,105" ten="181,210,230,379" oya="2" hai0="43,80,73,107,65,76,66,90,50,33,84,49,63" hai1="122,15,130,1,88,78,97,16,120,123,100,46,62" hai2="79,23,25,68,35,128,27,32,4,86,69,5,47" hai3="37,110,44,85,98,34,118,3,53,51,14,61,58"/><V121/><F121/><W29/><G3/><T91/><D33/><U56/><E1/><V132/><F47/><W24/><G110/><T30/><D30/><U102/><E78/><V135/><F86/><W12/><G118/><T39/><D39/><U59/><E46/><V31/><F79/><W106/><G37/><T127/><D127/><U111/><E111/><V42/><F42/><W125/><G125/><T77/><D43/><U134/><E134/><V72/><F128/><W131/><G131/><T9/><D107/><U41/><E41/><V55/><F55/><W126/><G126/><T116/><D116/><U6/><E6/><V87/><F87/><W71/><G71/><T115/><D115/><U94/><E130/><V22/><REACH who="2" step="1"/><F31/><REACH who="2" ten="181,210,220,379" step="2"/><W129/><G85/><T109/><D109/><U48/><E48/><V112/><F112/><W40/><G129/><T11/><D84/><U0/><E0/><V81/><F81/><W89/><G40/><T101/><D80/><U113/><E113/><V28/><F28/><W17/><G44/><T13/><D77/><U45/><E45/><V95/><F95/><W93/><G106/><T60/><D76/><U99/><E122/><V70/><F70/><W7/><G51/><T104/><D104/><U114/><E114/><V108/><F108/><W20/><G29/><T10/><D49/><U74/><E123/><V21/><F21/><W52/><G53/><T133/><D50/><U38/><E120/><V54/><F54/><W117/><G117/><T36/><D36/><U82/><E38/><V57/><F57/><W92/><G58/><RYUUKYOKU ba="0,1" sc="181,-10,210,-10,220,30,379,-10" hai2="4,5,22,23,25,27,32,35,68,69,72,132,135" /><INIT seed="2,1,1,1,2,95" ten="171,200,250,369" oya="2" hai0="20,82,61,105,108,41,5,80,121,117,75,25,112" hai1="128,49,55,122,68,102,12,44,42,127,78,54,96" hai2="86,35,32,17,29,0,1,77,104,113,22,45,47" hai3="106,115,90,36,34,13,89,130,118,59,37,120,84"/><V133/><F104/><W38/><G118/><T51/><D105/><U6/><E127/><V43/><F113/><W30/><G120/><T53/><D112/><U62/><E122/><V39/><F133/><W28/><G115/><T100/><D121/><U123/><E123/><V46/><F43/><W70/><G70/><T33/><D33/><U116/><E116/><V94/><F39/><W56/><G106/><T24/><D117/><U60/><E128/><V134/><F134/><W58/><G130/><T14/><D75/><U31/><E68/><V101/><F29/><W11/><G34/><T27/><D100/><U15/><E15/><V114/><F114/><W76/><G76/><T98/><D108/><U9/><E78/><V111/><F111/><W87/><G11/><N who="0" m="4463" /><D20/><U110/><E31/><N who="3" m="11818" /><G13/><T97/><D61/><N who="1" m="23659" /><E110/><V10/><F32/><W71/><G71/><T119/><D41/><U81/><E81/><N who="0" m="31337" /><D119/><U129/><E129/><V67/><F35/><W63/><G63/><T109/><D109/><U4/><E4/><V91/><F77/><W88/><AGARI ba="1,1" hai="36,37,38,56,58,59,84,87,88,89,90" m="11818" machi="88" ten="40,8000,1" yaku="29,2,28,2,54,1" doraHai="95" who="3" fromWho="3" sc="171,-21,200,-21,250,-41,369,93" /><INIT seed="3,0,0,1,4,37" ten="150,179,209,462" oya="3" hai0="92,19,135,94,134,41,125,49,130,96,133,66,4" hai1="70,97,6,128,54,120,55,15,12,85,38,21,115" hai2="57,43,100,44,116,10,105,126,68,30,47,86,33" hai3="65,39,93,8,36,87,119,13,53,127,103,24,7"/><W73/><G73/><T35/><D35/><U14/><E120/><V102/><F68/><W31/><G119/><T56/><D4/><U131/><E115/><V101/><F126/><W11/><G127/><T58/><D125/><U118/><E70/><V5/><F47/><W46/><G65/><T112/><D112/><U78/><E38/><V28/><F105/><W122/><G122/><T26/><D130/><U82/><E118/><V90/><F57/><W104/><G104/><T79/><D79/><U108/><E108/><V52/><F33/><W91/><G103/><T69/><D69/><U75/><E97/><V48/><F116/><W64/><G64/><T9/><D92/><U0/><E75/><V27/><F27/><W81/><G93/><T77/><D77/><U2/><E21/><V22/><F22/><W72/><G72/><T29/><D29/><U45/><E6/><V61/><F61/><W3/><G24/><T107/><D107/><U1/><REACH who="1" step="1"/><E45/><REACH who="1" ten="150,169,209,462" step="2"/><V89/><F44/><W59/><G46/><N who="0" m="25807" /><D66/><U20/><E20/><V74/><F74/><W113/><G113/><T110/><D110/><U23/><E23/><V67/><F67/><W123/><G123/><T132/><D132/><U51/><E51/><V16/><F48/><N who="3" m="31143" /><G31/><T40/><D26/><U124/><E124/><V99/><F28/><W111/><G111/><T114/><D114/><U18/><E18/><V63/><F16/><N who="3" m="8231" /><G39/><T42/><D58/><U50/><E50/><V106/><F30/><W76/><G36/><T25/><D56/><U84/><E84/><V109/><F109/><W32/><G32/><RYUUKYOKU ba="0,1" sc="150,-15,169,15,209,-15,462,15" hai1="0,1,2,12,14,15,54,55,78,82,85,128,131" hai3="3,7,11,76,81,87,91" /><INIT seed="3,1,1,2,3,114" ten="135,184,194,477" oya="3" hai0="31,52,5,121,126,102,111,21,105,10,24,51,82" hai1="61,32,101,94,60,38,120,71,19,113,17,22,46" hai2="100,74,62,87,16,80,107,14,25,85,132,68,106" hai3="45,33,97,83,117,55,15,34,63,90,73,84,2"/><W8/><G2/><T11/><D105/><U28/><E113/><V4/><F132/><W95/><G73/><T56/><D121/><U134/><E120/><V92/><F74/><W7/><G117/><T96/><D126/><U109/><E134/><V1/><F1/><W99/><G99/><T44/><D111/><U110/><E32/><V122/><F4/><W129/><G129/><T125/><D125/><U58/><E71/><V53/><F25/><W12/><G12/><T77/><D5/><U78/><E78/><V35/><F35/><W91/><G55/><T40/><D96/><N who="1" m="59543" /><E60/><V93/><F87/><W0/><G45/><T69/><D69/><U57/><E57/><V49/><F62/><W104/><G104/><T36/><REACH who="0" step="1"/><D102/><REACH who="0" ten="125,184,194,477" step="2"/><U81/><E109/><V67/><F68/><W26/><G97/><T41/><D41/><U116/><E110/><V88/><F100/><W115/><G7/><T59/><D59/><U103/><E103/><V128/><F122/><W98/><G98/><T79/><D79/><U131/><E58/><N who="2" m="33071" /><F106/><W112/><G112/><T27/><D27/><U89/><E131/><V123/><F107/><W130/><G26/><T20/><D20/><U76/><E22/><N who="2" m="11543" /><F123/><W6/><G130/><T3/><D3/><U118/><E76/><V13/><F128/><W50/><G0/><T75/><AGARI ba="1,2" hai="10,11,21,24,31,36,40,44,51,52,56,75,77,82" machi="75" ten="20,8000,1" yaku="1,1,0,1,7,1,54,1,53,1" doraHai="114" doraHaiUra="47" who="0" fromWho="0" sc="125,103,184,-21,194,-21,477,-41" /><INIT seed="4,0,0,1,5,56" ten="228,163,173,436" oya="0" hai0="79,47,39,5,18,97,10,101,80,132,89,113,41" hai1="57,129,78,86,87,105,51,59,15,34,72,44,134" hai2="130,128,9,22,25,30,83,66,90,119,76,20,110" hai3="49,91,93,135,17,27,108,118,131,126,50,40,8"/><T77/><D18/><U95/><E105/><V13/><F110/><W104/><G108/><T45/><D132/><U70/><E134/><V31/><F90/><W12/><G104/><T37/><D113/><U33/><E70/><V98/><F98/><W58/><G118/><T65/><D89/><U123/><E123/><V68/><F119/><W0/><G0/><T21/><D21/><U88/><E129/><N who="2" m="49771" /><F66/><W53/><G135/><T103/><D65/><U38/><E38/><V71/><F20/><W24/><G126/><T124/><D124/><U43/><E72/><N who="2" m="43399" /><F31/><W106/><G106/><T127/><D127/><U82/><REACH who="1" step="1"/><E15/><REACH who="1" ten="228,153,173,436" step="2"/><V35/><F35/><AGARI ba="0,1" hai="33,34,35,43,44,51,57,59,78,82,86,87,88,95" machi="35" ten="40,5200,0" yaku="1,1,2,1,54,1,53,0" doraHai="56" doraHaiUra="96" who="1" fromWho="2" sc="228,0,153,62,173,-52,436,0" /><INIT seed="5,0,0,2,3,61" ten="228,215,121,436" oya="1" hai0="9,124,52,54,70,60,94,30,98,96,120,51,21" hai1="62,102,107,12,113,93,42,110,7,83,109,31,130" hai2="112,8,108,56,44,29,97,80,48,32,133,68,131" hai3="79,135,82,103,6,99,16,127,38,119,134,87,33"/><U122/><E122/><V106/><F108/><W86/><G33/><T58/><D70/><U28/><E107/><V25/><F133/><N who="3" m="50699" /><G38/><T49/><D124/><U92/><E113/><V67/><F131/><W128/><G128/><T63/><D120/><U76/><E130/><V91/><F112/><W90/><G6/><T104/><D104/><U1/><E1/><V11/><F56/><W15/><G127/><T36/><D36/><U47/><E62/><N who="2" m="40055" /><F91/><W57/><G57/><N who="0" m="34855" /><D9/><N who="1" m="4159" /><E109/><V65/><F65/><W64/><G64/><T72/><D72/><U24/><E110/><V53/><F80/><W101/><G99/><N who="0" m="37931" /><D94/><N who="1" m="36459" /><E24/><AGARI ba="0,0" hai="21,24,30,49,51,54,58,63" m="37931,34855" machi="24" ten="30,2000,0" yaku="8,1,54,1" doraHai="61" who="0" fromWho="1" sc="228,20,215,-20,121,0,436,0" /><INIT seed="6,0,0,5,1,49" ten="248,195,121,436" oya="2" hai0="105,106,31,1,89,12,55,132,62,93,58,48,109" hai1="111,87,129,76,108,39,73,24,112,11,80,96,91" hai2="79,110,0,34,28,99,77,82,66,100,84,126,37" hai3="107,94,52,83,101,95,81,104,36,14,16,85,134"/><V71/><F110/><W124/><G36/><T75/><D1/><U113/><E39/><V131/><F131/><W88/><G134/><T123/><D75/><U61/><E11/><V72/><F126/><W63/><G104/><T21/><D123/><U114/><E24/><N who="2" m="18695" /><F79/><W26/><G26/><T43/><D132/><U22/><E22/><V41/><F84/><W56/><G107/><T59/><D109/><N who="1" m="42059" /><E61/><N who="2" m="40399" /><F0/><W7/><G7/><T102/><D102/><U20/><E20/><V70/><F70/><W68/><G68/><T133/><D133/><U47/><E47/><N who="2" m="23983" /><F99/><N who="3" m="59639" /><G124/><T38/><D38/><U45/><E45/><V18/><F18/><W42/><G42/><T57/><D43/><U121/><E129/><V125/><F100/><W51/><G63/><T13/><D13/><U44/><E44/><V33/><F125/><W122/><G122/><T116/><D116/><U54/><E54/><V30/><F30/><W53/><G53/><N who="0" m="31911" /><D31/><U127/><E127/><V118/><F118/><W2/><G2/><T78/><D78/><U103/><E121/><V135/><F135/><W67/><G67/><N who="0" m="39391" /><D12/><U6/><E6/><V65/><F65/><W19/><G19/><T120/><D120/><U69/><E69/><V9/><F9/><AGARI ba="0,0" hai="9,14,16,51,52,56,81,83,85,88,95" m="59639" machi="9" ten="30,8000,1" yaku="8,1,52,1,54,3" doraHai="49" who="3" fromWho="2" sc="248,0,195,0,121,-80,436,80" /><INIT seed="7,0,0,5,3,34" ten="248,195,41,516" oya="3" hai0="3,11,32,76,8,39,127,58,69,126,121,21,47" hai1="128,117,104,10,97,84,4,65,83,66,98,113,46" hai2="59,52,81,45,114,60,90,28,42,63,106,22,125" hai3="74,96,33,50,51,56,36,14,102,18,101,13,115"/><W9/><G36/><T26/><D58/><U19/><E113/><V112/><F106/><W71/><G71/><T1/><D69/><U109/><E109/><V5/><F125/><N who="0" m="47626" /><D32/><U54/><E128/><V16/><F112/><W53/><G74/><T72/><D121/><U86/><E117/><V37/><F114/><W20/><G115/><T7/><D76/><U75/><E84/><V103/><F28/><W27/><G33/><T25/><D72/><U0/><E19/><V29/><F29/><N who="3" m="17639" /><G96/><T132/><D132/><U30/><E30/><V24/><F103/><N who="3" m="39435" /><G14/><N who="0" m="5407" /><D11/><U48/><E75/><V87/><F5/><W70/><G70/><T130/><D130/><U118/><E118/><V116/><F116/><W77/><G77/><T78/><D78/><U23/><E4/><V41/><F41/><W43/><G43/><N who="0" m="23039" /><D26/><U49/><E98/><V40/><F40/><W94/><G94/><T38/><D38/><U55/><E97/><V92/><F81/><W61/><AGARI ba="0,0" hai="9,13,18,50,51,53,56,61" m="39435,17639" machi="61" ten="30,1500,0" yaku="8,1" doraHai="34" who="3" fromWho="3" sc="248,-5,195,-5,41,-5,516,15" owari="243,4.0,190,-21.0,36,-46.0,531,63.0" /></mjloggm>