<mjloggm ver="2.3"><GO type="225" lobby="0"/><UN n0="%E4%B8%89%E6%9D%A1%E7%9C%9F%E7%90%B4" n1="%E3%81%AA%E3%82%81%E3%81%93%E9%9B%80%E5%A3%AB" n2="%E5%A9%9A%E6%B4%BB%E7%94%9F%40%E5%B7%9D%E6%9D%91%E8%BB%8D%E5%9B%A3" n3="%E3%81%BD%E3%83%BC%E3%82%93%64%65%E3%83%AA%E3%83%B3%E3%82%B0" dan="18,16,17,16" rate="2271.98,2168.99,2237.67,2192.83" sx="F,M,M,M"/><TAIKYOKU oya="0"/><INIT seed="0,0,0,2,0,114" ten="250,250,250,250" oya="0" hai0="120,3,22,12,95,11,55,68,82,21,77,103,46" hai1="70,27,30,73,123,4,99,58,107,51,52,93,39" hai2="57,18,5,76,8,19,66,75,34,78,79,92,60" hai3="41,105,1,69,112,0,80,6,32,16,29,49,15"/><T91/><D68/><U64/><E123/><V47/><F34/><W63/><G112/><T9/><D120/><U28/><E73/><V102/><F75/><W121/><G121/><T117/><D103/><U132/><E132/><V72/><F72/><W81/><G105/><T128/><D128/><U135/><E135/><V74/><F74/><W71/><G41/><T17/><D117/><U96/><E39/><V84/><F47/><W134/><G49/><T36/><D82/><U94/><E4/><V126/><F126/><W10/><G1/><T90/><D77/><U14/><E14/><V131/><F131/><W115/><G115/><T35/><D35/><U125/><E125/><V87/><F87/><W26/><G134/><T109/><D91/><U83/><E83/><N who="3" m="31818" /><G63/><T129/><D129/><U2/><E2/><V23/><F23/><AGARI ba="0,0" hai="0,6,10,15,16,23,26,29,32,69,71" m="31818" machi="23" ten="30,2000,0" yaku="24,1,54,1" doraHai="114" who="3" fromWho="2" sc="250,0,250,0,250,-20,250,20" /><INIT seed="1,0,0,4,4,0" ten="250,250,230,270" oya="1" hai0="46,132,95,81,62,5,126,29,24,107,55,42,48" hai1="3,31,101,103,111,14,1,66,57,133,39,65,113" hai2="76,4,86,73,7,37,82,130,21,52,75,116,129" hai3="70,88,13,51,61,78,17,47,77,59,36,93,128"/><U124/><E113/><V115/><F37/><W20/><G70/><T98/><D132/><U23/><E39/><V32/><F32/><W105/><G105/><T120/><D126/><U72/><E72/><N who="2" m="27723" /><F116/><W94/><G128/><N who="2" m="49257" /><F115/><W84/><G93/><T9/><D107/><U28/><E124/><V96/><F96/><W15/><G15/><T6/><D81/><U99/><E133/><V125/><F125/><W68/><G68/><T64/><D9/><U56/><E99/><V67/><F67/><N who="1" m="25609" /><E14/><V38/><F38/><W58/><G36/><T53/><D42/><U102/><E23/><V91/><F76/><N who="3" m="29291" /><G61/><T110/><D110/><U22/><E22/><V54/><F21/><W119/><G119/><T109/><D109/><U118/><E118/><V123/><F123/><W80/><G94/><T16/><D120/><U19/><E111/><V71/><F71/><W49/><G49/><T135/><D135/><U74/><E74/><V87/><F87/><W33/><G33/><T79/><D79/><U34/><E34/><V108/><F108/><W89/><G89/><N who="0" m="55663" /><D64/><U50/><E50/><V114/><F114/><W100/><G100/><T90/><D90/><U40/><E103/><V121/><F121/><W83/><G83/><T43/><D62/><U25/><E102/><V85/><F85/><W63/><G63/><T45/><D43/><AGARI ba="0,0" hai="13,17,20,43,47,51,58,59,80,84,88" m="29291" machi="43" ten="30,2000,0" yaku="8,1,54,1" doraHai="0" who="3" fromWho="0" sc="250,-20,250,0,230,0,270,20" /><INIT seed="2,0,0,3,5,27" ten="230,250,230,290" oya="2" hai0="29,98,74,97,100,15,101,89,12,57,129,18,30" hai1="28,44,37,41,6,3,84,124,123,78,49,88,82" hai2="13,50,114,91,7,62,86,70,128,73,79,16,131" hai3="55,121,130,53,107,92,25,61,0,14,99,103,119"/><V2/><F114/><W76/><G119/><T17/><D74/><U1/><E124/><V75/><F2/><W81/><G121/><T21/><D89/><U39/><E123/><V42/><F7/><W111/><G0/><T20/><REACH who="0" step="1"/><D57/><REACH who="0" ten="220,250,230,290" step="2"/><U108/><E108/><V5/><F79/><W96/><G111/><T94/><D94/><U52/><E78/><V122/><F122/><W43/><G92/><T132/><D132/><U58/><E1/><V117/><F117/><W133/><G133/><T134/><D134/><U24/><E3/><V87/><F75/><W33/><G76/><T120/><D120/><U115/><E115/><V54/><F73/><W38/><G81/><T71/><D71/><U46/><E6/><V23/><F5/><W11/><G107/><T69/><D69/><U125/><E125/><V45/><F87/><W105/><G105/><T47/><D47/><U51/><E46/><V110/><F110/><W60/><G99/><T10/><D10/><U31/><E31/><V116/><F116/><W72/><G72/><T68/><D68/><U9/><E9/><V19/><F19/><W66/><G96/><T32/><D32/><AGARI ba="0,1" hai="24,28,32,37,39,41,44,49,51,52,58,82,84,88" machi="32" ten="30,7700,0" yaku="7,1,52,1,54,2" doraHai="27" who="1" fromWho="0" sc="220,-77,250,87,230,0,290,0" /><INIT seed="3,0,0,3,1,92" ten="143,337,230,290" oya="3" hai0="115,58,4,112,76,5,130,118,16,65,33,57,0" hai1="36,40,87,23,39,54,12,25,31,22,121,105,106" hai2="90,99,81,64,135,14,134,103,47,41,15,88,1" hai3="104,32,96,91,131,26,111,52,110,122,108,75,74"/><W125/><G122/><T59/><D118/><U123/><E54/><V113/><F64/><W79/><G131/><T120/><D120/><U62/><E62/><V17/><F1/><W35/><G125/><T13/><D33/><N who="3" m="12873" /><G79/><T18/><D130/><U29/><E87/><V45/><F113/><N who="0" m="43594" /><D76/><U83/><E83/><V109/><F109/><W7/><G7/><N who="0" m="2635" /><D13/><U3/><E12/><V73/><F15/><W24/><G52/><T43/><D65/><U95/><E95/><V10/><F73/><N who="3" m="27659" /><G91/><T27/><D27/><U37/><E25/><V97/><F103/><AGARI ba="0,0" hai="24,26,96,103,104,108,110,111" m="27659,12873" machi="103" ten="40,7700,0" yaku="14,1,10,1,52,1" doraHai="92" who="3" fromWho="2" sc="143,0,337,0,230,-77,290,77" owari="143,-36.0,337,14.0,153,-25.0,367,47.0" /></mjloggm>