<mjloggm ver="2.3"><GO type="169" lobby="0"/><UN n0="%E3%81%AF%E3%81%84%E3%81%A6%E3%82%93%E3%81%BC%E3%83%BC" n1="%74%6F%69%74%6F%69%34" n2="%E3%83%A8%E3%82%B3%E3%83%85%E3%83%8A" n3="%73%61%6E%67%6F%64%64%6F" dan="16,16,17,16" rate="2137.02,2068.35,2121.50,2191.22" sx="M,M,M,M"/><TAIKYOKU oya="0"/><INIT seed="0,0,0,3,0,84" ten="250,250,250,250" oya="0" hai0="27,0,86,109,66,126,3,2,81,19,30,119,76" hai1="32,74,14,94,125,31,89,87,83,46,61,116,16" hai2="102,39,50,21,42,41,128,1,65,122,67,35,117" hai3="120,72,91,28,12,107,9,37,43,97,92,78,111"/><T135/><D119/><U69/><E116/><V58/><F35/><W132/><G111/><T77/><D66/><U20/><E125/><V40/><F1/><W64/><G132/><T95/><D135/><U133/><E133/><V38/><F102/><W44/><G120/><T75/><D126/><U79/><E32/><V104/><F104/><W118/><G118/><T85/><D109/><U114/><E31/><V106/><F106/><W48/><G28/><T88/><D19/><U68/><E114/><V23/><F117/><W55/><G64/><N who="2" m="24649" /><F21/><W105/><G78/><T36/><D36/><N who="2" m="13866" /><F23/><W13/><G72/><T5/><D5/><U129/><E61/><V49/><F128/><W70/><G70/><T34/><REACH who="0" step="1"/><D77/><REACH who="0" ten="240,250,250,250" step="2"/><U45/><REACH who="1" step="1"/><E129/><REACH who="1" ten="240,240,250,250" step="2"/><V54/><F122/><W108/><G108/><T110/><D110/><U52/><E52/><V115/><F115/><W57/><G55/><T7/><D7/><U98/><E98/><AGARI ba="0,2" hai="0,2,3,27,30,34,75,76,81,85,86,88,95,98" machi="98" ten="40,12000,1" yaku="1,1,52,1,54,1,53,1" doraHai="84" doraHaiUra="25" who="0" fromWho="1" sc="240,140,240,-120,250,0,250,0" /><INIT seed="0,1,0,2,4,116" ten="380,120,250,250" oya="0" hai0="28,111,115,45,106,96,57,10,86,23,88,123,92" hai1="83,69,62,63,42,66,2,110,52,107,8,108,55" hai2="19,37,5,1,94,125,20,3,93,29,4,119,53" hai3="18,130,99,15,89,41,22,14,36,61,129,72,132"/><T84/><D115/><U33/><E33/><V13/><F37/><W114/><G72/><T117/><D117/><U44/><E107/><V65/><F119/><W48/><G114/><T32/><D32/><U79/><E2/><V97/><F65/><W85/><G132/><T24/><D111/><N who="1" m="42539" /><E8/><V135/><F135/><W81/><G36/><T26/><D26/><U6/><E6/><V112/><F112/><W11/><G61/><T50/><D106/><U102/><E102/><V103/><F125/><W49/><G99/><T74/><D74/><U77/><E77/><V134/><F134/><W76/><G76/><T113/><D113/><U127/><E83/><V25/><F3/><W67/><G67/><T70/><D70/><N who="1" m="42327" /><E79/><V126/><F126/><W21/><G41/><T101/><D10/><U59/><E127/><V124/><F124/><W80/><G80/><T43/><D86/><U40/><E69/><V30/><F30/><W0/><G0/><T109/><D109/><U105/><E105/><V100/><F1/><W60/><G21/><T133/><D133/><U38/><E38/><V91/><F103/><W12/><G11/><T35/><D35/><U131/><E131/><N who="3" m="50186" /><G18/><T47/><D84/><U7/><E7/><V27/><F27/><W17/><G17/><T46/><D101/><U54/><E54/><V121/><F53/><W78/><G22/><T51/><D23/><U73/><E73/><V9/><F4/><W68/><G78/><T31/><D24/><U16/><E16/><V120/><F19/><W122/><G68/><T87/><D31/><U90/><E90/><RYUUKYOKU ba="1,0" sc="380,-15,120,15,250,15,250,-15" hai1="40,42,44,52,55,59,63" hai2="5,9,13,20,25,29,91,93,94,97,100,120,121" /><INIT seed="1,2,0,5,3,49" ten="365,135,265,235" oya="1" hai0="50,77,104,23,75,8,129,71,107,86,98,26,22" hai1="119,51,88,34,106,82,44,1,116,56,108,47,14" hai2="59,17,31,101,127,18,120,111,90,74,25,64,72" hai3="91,84,94,134,123,32,118,13,12,95,29,117,68"/><U122/><E122/><V7/><F7/><W135/><G68/><T15/><D71/><U10/><E1/><V40/><F40/><W133/><G123/><T132/><D75/><U124/><E34/><V102/><F74/><W58/><G29/><T97/><D129/><U67/><E106/><V79/><F72/><W63/><G32/><T89/><D132/><U93/><E124/><V0/><F0/><W41/><G41/><T66/><D66/><U21/><E108/><V60/><F79/><W16/><G95/><T20/><D77/><U70/><E70/><V30/><F127/><W69/><G69/><T87/><D26/><U38/><E38/><V45/><F111/><W37/><G37/><T131/><D131/><U52/><E21/><N who="2" m="15663" /><F31/><W78/><G78/><T55/><D87/><U33/><E33/><V46/><F90/><W61/><G12/><T9/><D9/><U62/><E82/><V24/><F120/><W99/><G84/><T42/><D42/><U121/><E121/><V53/><F24/><W126/><G126/><T43/><D43/><U128/><E128/><V103/><F64/><N who="3" m="38967" /><G63/><T57/><D107/><U83/><E47/><AGARI ba="2,0" hai="17,18,45,46,47,53,59,60,101,102,103" m="15663" machi="47" ten="30,2000,0" yaku="8,1,52,1" doraHai="49" who="2" fromWho="1" sc="365,0,135,-26,265,26,235,0" /><INIT seed="2,0,0,1,2,84" ten="365,109,291,235" oya="2" hai0="13,98,49,59,134,70,92,60,121,108,25,119,112" hai1="33,68,3,116,62,12,23,4,125,58,67,37,64" hai2="14,42,9,27,97,21,115,114,16,32,40,22,118" hai3="82,29,113,69,129,44,88,101,8,122,102,36,18"/><V1/><F118/><W5/><G122/><T73/><D112/><U89/><E116/><V91/><F42/><W56/><G69/><T85/><D119/><U61/><E33/><V75/><F75/><W57/><G29/><T38/><D73/><U31/><E37/><V65/><F40/><W110/><G110/><T107/><D38/><U43/><E43/><V120/><F120/><W50/><G36/><T132/><D70/><U93/><E125/><V71/><F22/><W39/><G39/><T63/><D107/><U0/><E4/><N who="2" m="1167" /><F65/><W26/><G129/><T10/><D121/><U83/><E83/><V95/><F71/><W79/><G79/><T17/><D85/><U51/><E51/><V111/><F111/><W94/><G82/><T47/><D108/><U117/><E117/><V41/><F41/><N who="3" m="24847" /><G5/><T11/><D47/><U100/><E100/><N who="3" m="38506" /><G113/><T106/><D106/><U45/><E45/><V46/><F46/><W19/><G8/><T131/><D10/><U78/><E78/><V6/><F6/><W2/><G2/><T54/><D131/><U30/><E3/><V66/><F66/><W48/><G26/><T20/><D134/><U28/><E0/><V104/><F104/><W105/><G105/><T133/><D133/><U99/><REACH who="1" step="1"/><E12/><REACH who="1" ten="365,99,291,235" step="2"/><V34/><F34/><W72/><G48/><T53/><D132/><U81/><E81/><V90/><F114/><W35/><G35/><T55/><D49/><U109/><E109/><V127/><F127/><W130/><G130/><T124/><D124/><U126/><E126/><V96/><F115/><W52/><G72/><RYUUKYOKU ba="0,1" sc="365,-10,99,30,291,-10,235,-10" hai1="23,28,30,31,58,61,62,64,67,68,89,93,99" /><INIT seed="3,1,1,0,0,1" ten="355,129,281,225" oya="3" hai0="61,50,133,109,81,73,118,92,19,62,90,57,119" hai1="79,112,29,58,33,111,45,80,85,134,40,78,132" hai2="4,125,12,113,63,120,68,55,34,129,104,11,21" hai3="110,89,88,2,64,94,30,82,75,9,72,17,44"/><W135/><G135/><T52/><D133/><U51/><E132/><V98/><F34/><W6/><G64/><T49/><D109/><U23/><E134/><V71/><F120/><W53/><G110/><T114/><D114/><U127/><E111/><V0/><F113/><W84/><G30/><T60/><D50/><U46/><E112/><V77/><F77/><W31/><G31/><T41/><D41/><U7/><E33/><V130/><F125/><W74/><G17/><T25/><D73/><U10/><E127/><V59/><F104/><W103/><G103/><T22/><REACH who="0" step="1"/><D81/><REACH who="0" ten="345,129,281,225" step="2"/><U8/><E40/><V96/><F129/><W32/><G32/><T70/><D70/><U100/><E80/><V56/><F130/><W27/><G27/><T115/><D115/><U35/><E51/><V66/><F68/><W67/><G67/><T43/><D43/><U91/><E35/><V101/><F71/><W107/><G53/><T36/><D36/><U122/><E122/><V108/><F108/><W42/><G107/><T83/><D83/><U128/><E128/><V93/><F59/><W16/><G42/><T15/><D15/><U3/><E58/><V95/><F0/><W20/><G44/><T54/><D54/><U126/><E126/><V86/><F66/><W13/><REACH who="3" step="1"/><G75/><REACH who="3" ten="345,129,281,215" step="2"/><T14/><D14/><N who="1" m="5407" /><E46/><V5/><F55/><W124/><G124/><T131/><D131/><U69/><E45/><V18/><F63/><W116/><G116/><T97/><AGARI ba="1,3" hai="19,22,25,49,52,57,60,61,62,90,92,97,118,119" machi="97" ten="30,4000,0" yaku="1,1,0,1,54,1,53,0" doraHai="1" doraHaiUra="39" who="0" fromWho="0" sc="345,73,129,-11,281,-11,215,-21" /><INIT seed="4,0,0,2,3,21" ten="418,118,270,194" oya="0" hai0="24,28,6,129,134,71,91,42,101,80,132,95,0" hai1="55,76,1,60,75,104,113,83,123,63,25,64,111" hai2="16,27,4,5,67,58,3,15,114,86,108,116,37" hai3="78,53,130,56,17,89,41,97,70,51,87,61,107"/><T34/><D71/><U14/><E123/><V39/><F37/><W72/><G107/><T119/><D119/><U68/><E111/><V38/><F39/><W110/><G110/><T69/><D69/><U84/><E1/><V54/><F38/><W52/><G130/><T121/><D42/><U79/><E104/><V9/><F67/><W26/><G72/><T18/><D121/><U23/><E113/><V131/><F116/><W96/><G78/><T128/><D80/><U103/><E103/><V127/><F114/><W109/><G41/><T50/><D50/><U118/><E118/><V81/><F108/><W124/><G124/><T7/><D101/><U115/><E115/><V73/><F73/><W35/><G109/><T62/><D62/><U2/><E2/><V120/><F3/><W106/><G106/><T46/><D46/><U40/><E40/><V94/><F131/><N who="0" m="50250" /><D0/><U126/><E126/><V92/><F127/><W19/><G70/><T90/><D90/><U99/><E99/><V93/><F120/><W13/><G97/><N who="0" m="57599" /><D18/><U88/><E60/><V20/><F4/><AGARI ba="0,0" hai="4,6,7,24,28,34,132,134" m="57599,50250" machi="4" ten="30,2900,0" yaku="19,1,52,1" doraHai="21" who="0" fromWho="2" sc="418,29,118,0,270,-29,194,0" /><INIT seed="4,1,0,0,1,116" ten="447,118,241,194" oya="0" hai0="112,131,68,105,65,40,13,25,128,108,23,27,104" hai1="125,126,69,129,94,56,120,46,63,20,50,47,34" hai2="100,26,9,32,24,2,132,74,107,99,96,0,41" hai3="76,81,111,36,11,83,49,102,133,6,33,62,31"/><T12/><D40/><U115/><E34/><V110/><F74/><W1/><G36/><T135/><D65/><N who="1" m="41151" /><E20/><V85/><F41/><W38/><G111/><T88/><D68/><U52/><E94/><V35/><F85/><W61/><G133/><T57/><D108/><U7/><E7/><V66/><F110/><W22/><G38/><T3/><D3/><U15/><E15/><V37/><F37/><W58/><G102/><T21/><D135/><U79/><E79/><V91/><F66/><W5/><G5/><T10/><D10/><U64/><E129/><V17/><F132/><W51/><G62/><T14/><D14/><U39/><E115/><V118/><F118/><W71/><G71/><T98/><D98/><U134/><E134/><V86/><F99/><W28/><G33/><T92/><D92/><U109/><E109/><V87/><F9/><W48/><G22/><T82/><D82/><U123/><E47/><V18/><F96/><W95/><G95/><T106/><D106/><U78/><E78/><V67/><F67/><W55/><G81/><T80/><D80/><U72/><E72/><V4/><F4/><W29/><G29/><T70/><D112/><U45/><E45/><V122/><F91/><W119/><G119/><T121/><D88/><U59/><E64/><V89/><F89/><W93/><G93/><T84/><D84/><U75/><E75/><V43/><F100/><W117/><G117/><T42/><D131/><U53/><E59/><V54/><F107/><W8/><G8/><T19/><D128/><U130/><E130/><V44/><F0/><RYUUKYOKU ba="1,0" sc="447,-10,118,-10,241,-10,194,30" hai3="1,6,11,28,31,48,49,51,55,58,61,76,83" /><INIT seed="5,2,0,0,4,46" ten="437,108,231,224" oya="1" hai0="87,121,78,89,52,51,102,53,54,129,106,1,33" hai1="107,109,134,68,126,13,39,11,57,27,31,35,4" hai2="86,114,9,63,62,77,95,100,124,59,130,64,5" hai3="122,128,19,108,22,92,117,94,2,36,56,3,115"/><U50/><E39/><V34/><F34/><W72/><G122/><T83/><D1/><U104/><E68/><V14/><F130/><W76/><G108/><T112/><D33/><U91/><E109/><V0/><F124/><W29/><G36/><T61/><D129/><U60/><E126/><V20/><F114/><W6/><G117/><T16/><D112/><U133/><E91/><V73/><F73/><W82/><G115/><T30/><D30/><U127/><E127/><V41/><F41/><W70/><G70/><T17/><D106/><U93/><E93/><V74/><F74/><W132/><G29/><T10/><D102/><U40/><E40/><V65/><F20/><W120/><G132/><N who="1" m="50794" /><E50/><V79/><F0/><W90/><G120/><T97/><D61/><U7/><E4/><V12/><F100/><W125/><G125/><T42/><D121/><U58/><E58/><N who="2" m="36951" /><F95/><W47/><G92/><N who="0" m="56463" /><D10/><U32/><E32/><V88/><F79/><W43/><G56/><T101/><D101/><U38/><E38/><V131/><F77/><W21/><G6/><T135/><D135/><U81/><E81/><N who="2" m="49231" /><F131/><W67/><G128/><T113/><D113/><U71/><E71/><V37/><F37/><N who="3" m="21999" /><G67/><AGARI ba="2,0" hai="7,11,13,27,31,35,57,60,67,104,107" m="50794" machi="67" ten="30,1500,0" yaku="20,1" doraHai="46" who="1" fromWho="3" sc="437,0,108,21,231,0,224,-21" /><INIT seed="5,3,0,0,1,34" ten="437,129,231,203" oya="1" hai0="71,47,86,15,88,107,134,125,81,6,12,122,3" hai1="113,126,35,41,56,119,32,74,40,64,94,61,121" hai2="38,120,109,65,29,48,103,127,131,82,91,33,101" hai3="27,7,4,19,132,45,25,102,20,114,98,70,1"/><U57/><E121/><V100/><F38/><W59/><G70/><T14/><D107/><U76/><E119/><V0/><F0/><W26/><G114/><T89/><D71/><U63/><E113/><V24/><F120/><W68/><G68/><T9/><D122/><U116/><E116/><V112/><F109/><W36/><G132/><T104/><D104/><U17/><E126/><V42/><F112/><W77/><G77/><T46/><D134/><U52/><E94/><V55/><F42/><W11/><G7/><T18/><D125/><U105/><E105/><V50/><F131/><W78/><G78/><T44/><REACH who="0" step="1"/><D89/><REACH who="0" ten="427,129,231,203" step="2"/><U66/><E41/><V115/><F91/><W79/><G79/><T60/><D60/><U75/><E40/><V118/><F127/><W123/><G123/><T37/><D37/><U130/><E130/><V129/><F129/><W111/><G36/><T72/><D72/><U95/><E76/><V51/><F115/><W49/><G111/><T62/><D62/><U53/><REACH who="1" step="1"/><E95/><REACH who="1" ten="427,119,231,203" step="2"/><V97/><F118/><W92/><REACH who="3" step="1"/><G59/><REACH who="3" ten="427,119,231,193" step="2"/><T96/><D96/><U31/><E31/><V67/><F97/><W80/><G80/><T43/><D43/><AGARI ba="3,3" hai="1,4,11,19,20,25,26,27,43,45,49,92,98,102" machi="43" ten="30,3900,0" yaku="1,1,7,1,52,1,53,0" doraHai="34" doraHaiUra="8" who="3" fromWho="0" sc="427,-48,119,0,231,0,193,78" /><INIT seed="6,0,0,1,5,123" ten="379,119,231,271" oya="2" hai0="109,54,46,107,69,20,61,92,76,4,117,3,87" hai1="10,65,30,56,6,133,18,51,33,128,70,9,52" hai2="31,22,55,44,119,106,29,13,101,105,121,38,96" hai3="85,88,98,135,53,116,37,50,62,21,120,28,81"/><V73/><F73/><W24/><G120/><T111/><D107/><U26/><E133/><V95/><F121/><W47/><G116/><T130/><D3/><U49/><E128/><V115/><F119/><W45/><G135/><T2/><D117/><U67/><E70/><V72/><F72/><W57/><G37/><T80/><D130/><U14/><E49/><V11/><F115/><W59/><REACH who="3" step="1"/><G98/><REACH who="3" ten="379,119,231,261" step="2"/><T35/><D35/><U118/><REACH who="1" step="1"/><E118/><REACH who="1" ten="379,109,231,261" step="2"/><V17/><F38/><W104/><G104/><T34/><D69/><U60/><E60/><V129/><F105/><W0/><G0/><AGARI ba="0,2" hai="0,6,9,10,14,18,26,30,33,51,52,56,65,67" machi="0" ten="30,3900,0" yaku="1,1,7,1,54,1,53,0" doraHai="123" doraHaiUra="113" who="1" fromWho="3" sc="379,0,109,59,231,0,261,-39" /><INIT seed="7,0,0,2,1,44" ten="379,168,231,222" oya="3" hai0="6,83,77,103,43,41,75,107,13,102,53,46,124" hai1="99,51,65,106,98,101,68,16,126,18,109,3,20" hai2="90,72,1,91,117,42,71,52,19,112,111,131,84" hai3="23,21,116,97,10,127,70,50,30,115,121,0,64"/><W34/><G121/><T57/><D124/><U85/><E109/><V94/><F71/><W73/><G116/><T29/><D29/><U32/><E32/><V60/><F1/><W134/><G73/><T80/><D107/><U129/><E3/><V79/><F42/><W8/><G70/><T17/><D6/><U26/><E126/><V78/><F72/><W49/><G64/><T100/><D46/><U40/><E129/><V89/><F131/><W130/><G130/><T92/><D92/><U119/><E119/><V55/><F112/><W38/><G38/><T22/><REACH who="0" step="1"/><D83/><REACH who="0" ten="369,168,231,222" step="2"/><U39/><E39/><V7/><F94/><W113/><G30/><T118/><D118/><U87/><E99/><V15/><F7/><W67/><G127/><T125/><D125/><U24/><E18/><V122/><F122/><W25/><G97/><T35/><D35/><U86/><E26/><V74/><F111/><W105/><G105/><T11/><D11/><N who="3" m="4137" /><G34/><T61/><AGARI ba="0,1" hai="13,17,22,41,43,53,57,61,75,77,80,100,102,103" machi="61" ten="30,4000,0" yaku="1,1,0,1,53,1" doraHai="44" doraHaiUra="48" who="0" fromWho="0" sc="369,50,168,-10,231,-10,222,-20" owari="419,52.0,158,-34.0,221,2.0,202,-20.0" /></mjloggm>