<mjloggm ver="2.3"><GO type="169" lobby="0"/><UN n0="%E3%83%A2%E3%83%AD%E3%83%98%E3%82%A4%E3%83%A4" n1="%E6%A9%8B%E5%A0%B4" n2="%E6%9C%A8%E5%8E%9F%E8%B1%AA%E4%B8%80" n3="%E6%B2%96%EF%BC%92%EF%BC%99" dan="16,17,17,17" rate="2050.43,2111.80,2149.11,2170.46" sx="M,M,M,M"/><TAIKYOKU oya="0"/><INIT seed="0,0,0,3,0,134" ten="250,250,250,250" oya="0" hai0="22,122,71,58,12,3,110,66,132,33,44,41,2" hai1="67,100,72,80,34,94,32,60,24,19,47,133,83" hai2="27,86,13,64,4,104,53,50,118,1,55,130,93" hai3="42,81,70,39,59,76,131,36,85,62,102,25,45"/><T111/><D33/><U82/><E133/><V37/><F104/><W126/><G131/><T75/><D71/><U106/><E72/><V61/><F37/><W135/><G135/><T11/><D75/><U35/><E106/><V99/><F1/><W28/><G126/><T103/><D132/><U88/><E100/><V125/><F86/><W54/><G102/><T77/><D77/><U46/><E19/><V21/><F130/><W95/><G95/><T98/><D22/><U121/><E24/><V114/><F114/><W5/><G5/><T18/><D122/><U79/><E79/><V73/><F73/><W90/><G70/><T31/><D31/><U109/><E109/><N who="0" m="41481" /><D58/><U74/><E74/><V40/><F118/><W9/><G9/><T10/><D66/><U16/><E16/><V101/><F40/><W65/><G76/><T89/><D89/><U120/><E120/><V20/><F50/><W96/><G96/><T48/><D11/><U117/><E117/><V29/><F125/><W23/><REACH who="3" step="1"/><G65/><REACH who="3" ten="250,250,250,240" step="2"/><T68/><D68/><U124/><E124/><V112/><F112/><W115/><G115/><T113/><D113/><U43/><E121/><V56/><F21/><W128/><G128/><T14/><D14/><U123/><E123/><V6/><F6/><W51/><AGARI ba="0,1" hai="23,25,28,36,39,42,45,51,54,59,62,81,85,90" machi="51" ten="20,5200,0" yaku="1,1,0,1,7,1,53,1" doraHai="134" doraHaiUra="38" who="3" fromWho="3" sc="250,-26,250,-13,250,-13,240,62" /><INIT seed="1,0,0,3,3,63" ten="224,237,237,302" oya="1" hai0="85,86,121,87,57,68,35,41,25,78,101,89,0" hai1="45,135,71,4,15,88,48,108,39,98,12,7,62" hai2="60,119,106,55,116,114,93,131,31,112,100,95,99" hai3="72,5,19,111,1,11,40,3,49,122,110,2,97"/><U36/><E135/><V104/><F31/><W75/><G122/><T120/><D68/><U17/><E108/><N who="3" m="41514" /><G19/><T74/><D0/><N who="3" m="105" /><G97/><T124/><D124/><U96/><E71/><V134/><F55/><W77/><G77/><T125/><D125/><U90/><E62/><V38/><F38/><W13/><N who="3" m="113" /><W129/><DORA hai="83" /><G129/><T133/><D41/><U76/><E76/><V16/><F60/><W117/><G117/><N who="2" m="45129" /><F16/><W44/><AGARI ba="0,0" hai="5,11,13,40,44,49,72,75" m="113,41514" machi="44" ten="50,1600,0" yaku="14,1" doraHai="63,83" who="3" fromWho="3" sc="224,-4,237,-8,237,-4,302,16" /><INIT seed="2,0,0,4,0,113" ten="220,229,233,318" oya="2" hai0="103,105,66,104,80,45,62,58,46,77,115,84,106" hai1="61,98,24,17,49,6,85,9,87,30,86,8,132" hai2="51,40,20,102,89,90,79,76,47,125,108,3,110" hai3="60,48,31,38,129,74,97,124,107,5,64,29,11"/><V70/><F70/><W118/><G74/><T121/><D115/><U83/><E132/><V63/><F3/><W78/><G38/><T91/><D121/><U134/><E134/><V39/><F102/><W117/><G129/><T112/><D112/><U42/><E98/><V52/><F63/><W95/><G107/><T126/><D126/><U100/><E100/><V22/><F125/><W0/><G124/><T59/><D103/><U1/><E61/><V56/><F89/><W25/><G78/><N who="2" m="29737" /><F90/><W67/><G48/><T96/><D59/><U111/><E83/><V4/><F4/><W57/><G67/><T37/><D37/><U2/><E49/><V21/><F39/><W65/><G65/><T94/><AGARI ba="0,0" hai="45,46,58,62,66,77,80,84,91,94,96,104,105,106" machi="94" ten="40,1500,0" yaku="0,1" doraHai="113" who="0" fromWho="0" sc="220,15,229,-4,233,-7,318,-4" /><INIT seed="3,0,0,1,4,27" ten="235,225,226,314" oya="3" hai0="16,29,18,126,105,39,129,110,14,53,54,69,65" hai1="1,73,86,103,4,49,135,114,104,63,10,36,8" hai2="113,88,95,11,31,47,15,132,83,30,120,55,62" hai3="64,9,133,72,116,100,25,5,75,28,90,96,123"/><W23/><G123/><T41/><D105/><U22/><E73/><V32/><F113/><W70/><G116/><T44/><D110/><U68/><E114/><V0/><F32/><W131/><G131/><T102/><D102/><U79/><E36/><V13/><F0/><W78/><G133/><T24/><D129/><U6/><E135/><V122/><F132/><W91/><G75/><T89/><D126/><U26/><E104/><V93/><F83/><W94/><G78/><T50/><D69/><U80/><E103/><V45/><F62/><W81/><G72/><T61/><D65/><U40/><E68/><V56/><F56/><W20/><G20/><N who="0" m="15495" /><D39/><U71/><E71/><V17/><F95/><W97/><G81/><T59/><D89/><U33/><E33/><V46/><F55/><W76/><G76/><T43/><D18/><U21/><E63/><V107/><F107/><W37/><G37/><T101/><D101/><U12/><E26/><V57/><F57/><W66/><G70/><T108/><D108/><U74/><REACH who="1" step="1"/><E74/><REACH who="1" ten="235,215,226,314" step="2"/><V42/><F122/><W109/><G109/><T128/><D128/><U60/><E60/><V99/><F120/><W112/><G112/><T51/><D61/><U92/><E92/><V2/><F2/><W58/><G100/><T84/><D84/><U87/><E87/><V125/><F125/><W117/><G64/><T98/><D98/><U48/><E48/><N who="2" m="26679" /><F15/><N who="3" m="5551" /><G66/><T3/><D3/><U52/><E52/><V119/><F119/><W118/><G118/><T34/><D34/><U38/><E38/><V115/><F115/><W124/><G117/><RYUUKYOKU ba="0,1" sc="235,10,215,10,226,10,314,-30" hai0="14,16,41,43,44,50,51,53,54,59" hai1="1,4,6,8,10,12,21,22,40,49,79,80,86" hai2="11,13,17,30,31,46,47,88,93,99" /><INIT seed="4,1,1,1,3,19" ten="245,225,236,284" oya="0" hai0="11,83,10,43,111,72,31,75,68,4,106,27,96" hai1="23,45,102,124,118,110,50,55,33,57,51,133,77" hai2="58,109,53,88,103,15,65,81,95,66,21,48,91" hai3="79,86,112,108,74,9,64,3,32,59,7,85,115"/><T1/><D111/><U78/><E110/><V92/><F109/><W130/><G108/><RYUUKYOKU type="kaze4" ba="1,1" sc="245,0,225,0,236,0,284,0" /><INIT seed="4,2,1,5,2,81" ten="245,225,236,284" oya="0" hai0="109,13,120,60,45,48,88,104,130,87,31,99,93" hai1="12,55,5,21,74,101,32,63,57,54,67,129,41" hai2="83,135,49,119,11,71,26,15,39,22,110,79,91" hai3="76,116,34,117,42,52,47,131,16,126,1,84,127"/><T59/><D120/><U105/><E32/><V89/><F39/><W61/><G1/><T107/><D130/><U85/><E74/><V65/><F110/><W113/><G113/><T77/><D109/><U66/><E129/><V94/><F135/><W92/><G34/><T53/><D31/><U64/><E41/><V35/><F35/><W133/><G131/><T69/><D69/><U80/><E105/><V28/><F119/><W38/><G133/><T90/><D13/><U33/><E33/><V128/><F128/><W36/><G36/><T86/><D77/><N who="1" m="46223" /><E101/><V58/><F71/><W14/><G76/><T4/><D4/><U25/><E54/><V108/><F108/><W7/><G7/><T95/><D99/><U102/><E102/><V96/><F49/><W125/><G84/><T17/><D17/><N who="1" m="12463" /><E55/><AGARI ba="2,1" hai="45,48,53,55,59,60,86,87,88,90,93,95,104,107" machi="55" ten="30,12000,1" yaku="7,1,9,1,52,2,54,1" doraHai="81" who="0" fromWho="1" sc="245,136,225,-126,236,0,284,0" /><INIT seed="4,3,0,0,2,42" ten="381,99,236,284" oya="0" hai0="71,105,112,38,109,67,37,124,86,111,43,95,56" hai1="87,12,30,66,82,6,102,58,2,41,4,70,9" hai2="45,113,131,89,62,23,28,132,22,34,57,14,106" hai3="46,100,127,77,78,11,81,91,114,52,7,27,0"/><T134/><D105/><U31/><E70/><V108/><F113/><W72/><G114/><T10/><D112/><U29/><E102/><V90/><F106/><W129/><G129/><T59/><D95/><U15/><E41/><V88/><F34/><W118/><G118/><T44/><D86/><U135/><E135/><V97/><F108/><N who="0" m="41546" /><D134/><U13/><E2/><V130/><F132/><W116/><G116/><T60/><D10/><U21/><E21/><V80/><F80/><W48/><G127/><T110/><N who="0" m="41554" /><T32/><DORA hai="53" /><D32/><U40/><E40/><V18/><F97/><W69/><G69/><T104/><D104/><U120/><E120/><V125/><F125/><W16/><G100/><T39/><D124/><U79/><REACH who="1" step="1"/><E9/><REACH who="1" ten="381,89,236,284" step="2"/><V33/><F33/><W98/><G0/><T99/><D99/><U20/><E20/><V117/><F117/><W36/><G98/><T101/><D101/><U128/><E128/><V47/><F131/><W61/><G11/><T115/><D115/><U94/><E94/><V1/><F130/><W17/><G81/><T121/><D121/><U49/><E49/><AGARI ba="3,1" hai="37,38,39,43,44,49,56,59,60,67,71" m="41554" machi="49" ten="50,18000,2" yaku="10,1,34,2,52,3" doraHai="42,53" who="0" fromWho="1" sc="381,199,89,-189,236,0,284,0" owari="580,68.0,-100,-60.0,236,-16.0,284,8.0" /></mjloggm>