<mjloggm ver="2.3"><GO type="169" lobby="0"/><UN n0="%30%30%73%61%69" n1="%53%74%65%69%6E%73" n2="%E3%83%AA%E3%83%81%E3%83%A3%21%21" n3="%E3%81%94%E3%82%8A%E3%81%94%E3%82%8A%E3%81%94%E3%82%8A%E3%82%89" dan="16,16,17,17" rate="2148.17,2145.27,2162.85,2167.70" sx="M,M,M,M"/><TAIKYOKU oya="0"/><INIT seed="0,0,0,3,5,17" ten="250,250,250,250" oya="0" hai0="110,19,25,91,124,54,135,55,122,119,35,20,112" hai1="72,101,97,127,96,0,39,88,93,131,118,87,16" hai2="38,99,48,5,37,125,111,26,100,12,95,53,30" hai3="74,36,129,94,22,43,86,63,4,65,114,23,40"/><T128/><D112/><U3/><E118/><V34/><F111/><W107/><G74/><T76/><D119/><U83/><E39/><V10/><REACH who="2" step="1"/><F125/><REACH who="2" ten="250,250,240,250" step="2"/><W126/><G126/><T67/><D124/><U57/><E127/><V11/><F11/><W8/><G8/><T89/><D110/><U15/><E131/><V113/><F113/><W41/><G129/><T84/><D128/><U24/><E0/><V49/><F49/><W50/><G50/><T51/><D51/><U82/><E3/><V80/><F80/><W58/><G114/><T130/><D130/><U7/><E72/><V90/><F90/><W132/><G36/><T31/><D91/><U117/><E117/><V108/><F108/><W13/><G132/><T45/><D135/><U28/><E82/><V115/><F115/><W133/><G133/><T21/><D89/><U33/><E7/><V98/><F98/><W116/><G116/><T68/><D122/><U1/><E1/><V60/><F60/><W64/><G4/><T56/><D84/><U18/><E96/><V46/><AGARI ba="0,1" hai="5,10,12,26,30,34,37,38,46,48,53,95,99,100" machi="46" ten="20,5200,0" yaku="1,1,0,1,7,1,53,1" doraHai="17" doraHaiUra="27" who="2" fromWho="2" sc="250,-26,250,-13,240,62,250,-13" /><INIT seed="1,0,0,1,0,7" ten="224,237,302,237" oya="1" hai0="93,78,107,36,86,121,42,69,53,2,58,50,79" hai1="54,62,115,20,34,60,26,103,118,133,44,19,116" hai2="131,98,57,17,49,33,104,74,8,124,40,127,31" hai3="72,122,41,27,32,97,59,95,92,35,39,120,96"/><U13/><E115/><V37/><F74/><W87/><G72/><T117/><D117/><U23/><E34/><V70/><F70/><W52/><G41/><T82/><D107/><U111/><E133/><V63/><F131/><W102/><G39/><T80/><D69/><U25/><E111/><V64/><F37/><W6/><G87/><T46/><D121/><U134/><E134/><V109/><F109/><W110/><G110/><T91/><REACH who="0" step="1"/><D2/><REACH who="0" ten="214,237,302,237" step="2"/><U113/><E116/><V81/><F104/><W89/><G122/><T119/><D119/><U29/><E118/><V129/><F129/><W76/><G120/><T85/><D85/><U132/><E132/><V3/><F3/><W66/><G76/><AGARI ba="0,1" hai="36,42,46,50,53,58,76,78,79,80,82,86,91,93" machi="76" ten="40,1300,0" yaku="1,1,53,0" doraHai="7" doraHaiUra="21" who="0" fromWho="3" sc="214,23,237,0,302,0,237,-13" /><INIT seed="2,0,0,3,2,61" ten="237,237,302,224" oya="2" hai0="2,77,103,26,0,36,131,4,17,104,49,76,39" hai1="16,58,108,87,72,8,116,82,22,119,130,107,98" hai2="62,109,59,122,51,135,55,56,79,44,37,45,90" hai3="20,28,60,121,47,1,120,84,133,92,78,57,29"/><V14/><F122/><W21/><G1/><T110/><D110/><U117/><E108/><V100/><F109/><W118/><G133/><T99/><D131/><U114/><E114/><V89/><F135/><W50/><G118/><T83/><D77/><U66/><E72/><V85/><F100/><W132/><G132/><T102/><D102/><U18/><E130/><V112/><F112/><W34/><G34/><T111/><D111/><U127/><E127/><V129/><F129/><W24/><G120/><T134/><D134/><U63/><E8/><V48/><F37/><W13/><G121/><T11/><D0/><U46/><E46/><V5/><F79/><W75/><G75/><T25/><D49/><U96/><E107/><V106/><F106/><W93/><G50/><T35/><D25/><U68/><E68/><V125/><F125/><W74/><G47/><T23/><REACH who="0" step="1"/><D35/><REACH who="0" ten="227,237,302,224" step="2"/><U42/><E42/><V30/><F48/><W53/><G74/><AGARI ba="0,1" hai="2,4,11,17,23,26,36,39,74,76,83,99,103,104" machi="74" ten="30,3900,0" yaku="1,1,2,1,7,1,53,0" doraHai="61" doraHaiUra="31" who="0" fromWho="3" sc="227,49,237,0,302,0,224,-39" /><INIT seed="3,0,0,0,5,135" ten="276,237,302,185" oya="3" hai0="94,23,21,73,48,22,90,24,70,29,101,34,117" hai1="25,46,64,91,109,57,105,133,16,102,42,12,7" hai2="76,113,47,55,38,121,11,62,40,45,129,75,125" hai3="86,134,33,37,56,79,110,130,81,20,93,112,4"/><W68/><G33/><T52/><D117/><U54/><E133/><V89/><F113/><W61/><G68/><T103/><D73/><U74/><E74/><V39/><F75/><W123/><G134/><T85/><REACH who="0" step="1"/><D70/><REACH who="0" ten="266,237,302,185" step="2"/><U41/><E109/><V49/><F121/><W99/><G123/><T72/><D72/><U80/><E105/><V43/><F129/><W78/><G112/><T122/><D122/><U97/><E41/><V28/><F40/><W0/><G110/><T58/><AGARI ba="0,1" hai="21,22,23,24,29,34,48,52,58,85,90,94,101,103" machi="58" ten="30,4000,0" yaku="1,1,0,1,54,1,53,0" doraHai="135" doraHaiUra="2" who="0" fromWho="0" sc="266,50,237,-10,302,-10,185,-20" /><INIT seed="4,0,0,3,0,127" ten="316,227,292,165" oya="0" hai0="62,55,73,75,122,113,38,42,78,71,125,89,48" hai1="31,21,45,107,15,23,100,61,133,126,131,24,119" hai2="93,14,104,108,94,28,79,121,97,10,130,132,60" hai3="18,68,37,72,95,117,25,59,86,32,102,96,120"/><T8/><D122/><U109/><E107/><V16/><F108/><W4/><G68/><T3/><D125/><U77/><E100/><V27/><F121/><W114/><G72/><T9/><D113/><U50/><E126/><V34/><F132/><W105/><G37/><T65/><D89/><U92/><E119/><V40/><F130/><W52/><G117/><T20/><D20/><U91/><E109/><V76/><F40/><W134/><G120/><T43/><D43/><U74/><E74/><V39/><F39/><W67/><G114/><T36/><D36/><U135/><E77/><V58/><F94/><W83/><G105/><T56/><D3/><U85/><E61/><V29/><F29/><W19/><G4/><T118/><D75/><U54/><E131/><V30/><F30/><W17/><G67/><T98/><D98/><U47/><E47/><V112/><F104/><W53/><G134/><N who="1" m="51210" /><E15/><V11/><F11/><W110/><G110/><T64/><D64/><U80/><E92/><V82/><F82/><W35/><G25/><T22/><D22/><AGARI ba="0,0" hai="21,22,23,24,31,45,50,54,80,85,91" m="51210" machi="22" ten="30,1000,0" yaku="20,1" doraHai="127" who="1" fromWho="0" sc="316,-10,227,10,292,0,165,0" /><INIT seed="5,0,0,0,0,100" ten="306,237,292,165" oya="1" hai0="54,4,84,41,119,87,26,85,113,82,22,53,77" hai1="122,120,20,103,64,91,123,29,75,3,28,83,49" hai2="47,127,43,102,34,14,89,70,115,25,9,31,110" hai3="114,58,46,128,116,134,7,6,133,44,52,112,95"/><U33/><E33/><V42/><F110/><W80/><G80/><T45/><D119/><U130/><E130/><V1/><F70/><W55/><G95/><T125/><D113/><N who="3" m="43625" /><G6/><T16/><D125/><U92/><E3/><V106/><F127/><W73/><G7/><T27/><D27/><U48/><E64/><V105/><F115/><W109/><G73/><T101/><D101/><U61/><E61/><V126/><F126/><W24/><G24/><T35/><D35/><U131/><E131/><V117/><F117/><W5/><G5/><T98/><D98/><U57/><E57/><V50/><F1/><W10/><G10/><T90/><D4/><U68/><E68/><V19/><F102/><W8/><G8/><T13/><D26/><U72/><E20/><V74/><F74/><W97/><G97/><T2/><D2/><U65/><E65/><V23/><F43/><W94/><G94/><T37/><D85/><U118/><E118/><V63/><F63/><N who="3" m="36295" /><G116/><T56/><D87/><U60/><E103/><V0/><F89/><W17/><G17/><T21/><D21/><U129/><E129/><V32/><REACH who="2" step="1"/><F0/><REACH who="2" ten="306,237,282,165" step="2"/><W78/><G128/><T12/><D90/><U36/><E75/><V40/><F40/><W76/><G109/><T96/><D41/><U67/><E72/><V39/><F39/><W51/><G76/><T107/><D37/><U121/><E36/><V30/><F30/><W38/><G78/><T62/><D107/><AGARI ba="0,1" hai="9,14,19,23,25,31,32,34,42,47,50,105,106,107" machi="107" ten="40,8000,1" yaku="1,1,52,3,53,1" doraHai="100" doraHaiUra="15" who="2" fromWho="0" sc="306,-80,237,0,282,90,165,0" /><INIT seed="6,0,0,2,2,85" ten="226,237,372,165" oya="2" hai0="73,34,102,27,48,132,23,33,69,135,32,94,15" hai1="117,72,25,3,95,7,87,90,10,78,18,107,4" hai2="42,22,100,92,51,110,37,77,50,113,59,13,127" hai3="75,109,24,2,111,120,68,56,35,30,1,89,67"/><V26/><F113/><W128/><G120/><T38/><D38/><U45/><E117/><V106/><F106/><W118/><G118/><T44/><D69/><U101/><E7/><V54/><F127/><W104/><G128/><T93/><D73/><U125/><E125/><V62/><F110/><W63/><G56/><T49/><D15/><U79/><E72/><V133/><F133/><N who="0" m="51274" /><D102/><U46/><E107/><V126/><F126/><W20/><G20/><T119/><D119/><U6/><E101/><V21/><F77/><W88/><G75/><T14/><D14/><U112/><E112/><V130/><F130/><W74/><G74/><T84/><D84/><U53/><E4/><V76/><F76/><W43/><G43/><N who="0" m="24607" /><D49/><U70/><E70/><V80/><F37/><W36/><G36/><T134/><N who="0" m="51282" /><T129/><DORA hai="98" /><D129/><U81/><E78/><V71/><F71/><W47/><G47/><T39/><D39/><U57/><E45/><V114/><F50/><W82/><G82/><T12/><D12/><U123/><E46/><V86/><F51/><W61/><G111/><T29/><AGARI ba="0,0" hai="23,27,29,32,33,34,93,94" m="24607,51282" machi="29" ten="50,1600,0" yaku="20,1" doraHai="85,98" who="0" fromWho="0" sc="226,16,237,-4,372,-8,165,-4" /><INIT seed="7,0,0,4,3,77" ten="242,233,364,161" oya="3" hai0="89,65,131,16,25,57,42,18,10,14,48,121,119" hai1="5,90,76,26,69,129,23,128,81,32,37,64,29" hai2="114,63,62,46,22,7,116,96,91,83,107,15,27" hai3="74,111,103,88,56,60,47,104,126,135,102,41,52"/><W17/><G111/><T97/><D119/><U40/><E90/><V112/><F116/><W108/><G108/><T73/><D73/><N who="1" m="43151" /><E23/><V11/><F46/><W134/><G74/><T20/><D121/><U6/><E6/><V49/><F49/><W61/><G126/><T19/><D131/><N who="1" m="50251" /><E5/><V35/><F35/><W109/><G109/><T124/><D124/><U33/><E33/><V87/><F96/><W75/><G75/><T93/><D42/><U105/><E105/><V80/><F107/><W70/><G17/><N who="0" m="8407" /><D48/><U21/><E32/><V82/><F62/><AGARI ba="0,0" hai="16,18,19,20,25,57,62,65,89,93,97" m="8407" machi="62" ten="30,2000,0" yaku="8,1,54,1" doraHai="77" who="0" fromWho="2" sc="242,20,233,0,364,-20,161,0" owari="262,6.0,233,-17.0,344,45.0,161,-34.0" /></mjloggm>