<mjloggm ver="2.3"><GO type="169" lobby="0"/><UN n0="%E3%82%B9%E3%83%86%E3%82%A3%E3%82%A2" n1="%7A%6B%75%72%74" n2="%E3%81%A1%E3%82%83%E3%81%93%E3%81%93" n3="%4A%6F%75%72%6E%65%79" dan="16,16,16,17" rate="2128.56,2167.90,2132.23,2191.04" sx="M,M,F,M"/><TAIKYOKU oya="0"/><INIT seed="0,0,0,2,4,47" ten="250,250,250,250" oya="0" hai0="37,120,113,116,71,23,94,10,73,72,19,22,119" hai1="67,26,103,86,7,65,76,39,85,38,32,135,21" hai2="100,58,118,69,34,46,64,20,56,41,13,101,14" hai3="17,8,44,25,48,92,96,50,49,110,55,40,87"/><T131/><D113/><U88/><E32/><V45/><F34/><W12/><G110/><T53/><D120/><U124/><E135/><V128/><F128/><W2/><G2/><T108/><D37/><U36/><E124/><V105/><F69/><W9/><G25/><T11/><D71/><U52/><E103/><V114/><F118/><N who="0" m="45098" /><D94/><U74/><E7/><V98/><F100/><N who="3" m="60423" /><G55/><T122/><D53/><U102/><E102/><V28/><F114/><W0/><G0/><T6/><D122/><U4/><E4/><V81/><F64/><W117/><G117/><T82/><D82/><U91/><E74/><N who="0" m="28777" /><D19/><U62/><E76/><V27/><F81/><W35/><G35/><T80/><D80/><U121/><E121/><V97/><F97/><W77/><G9/><N who="0" m="3083" /><D131/><U130/><E130/><V115/><F115/><W104/><G104/><T16/><D16/><N who="1" m="12583" /><E38/><V5/><F105/><W125/><G125/><T99/><D6/><U66/><E39/><V31/><F101/><W109/><G109/><T1/><D99/><U24/><E24/><N who="2" m="16391" /><F5/><W30/><G30/><T78/><D1/><U63/><E36/><V79/><F98/><W89/><G77/><T29/><D78/><U133/><E133/><V129/><F79/><W68/><G68/><T51/><D29/><U33/><E33/><V83/><F129/><W112/><G112/><T54/><D108/><U95/><E52/><V75/><F31/><W127/><G127/><T57/><D54/><U90/><E90/><V106/><F106/><W126/><G126/><T18/><D18/><U111/><E111/><V60/><F75/><RYUUKYOKU ba="0,0" sc="250,10,250,10,250,-30,250,10" hai0="22,23,51,57" hai1="62,63,65,66,67,85,86,88,91,95" hai3="8,12,17,40,44,48,49,50,87,89" /><INIT seed="0,1,0,5,1,130" ten="260,260,220,260" oya="0" hai0="64,23,3,69,108,20,114,53,36,77,99,106,50" hai1="126,13,93,45,71,25,101,57,63,58,26,70,59" hai2="67,82,29,7,103,107,133,56,97,88,19,110,6" hai3="18,134,28,135,60,61,55,0,89,49,98,41,17"/><T38/><D114/><U33/><E126/><V43/><F110/><W129/><G0/><T48/><D3/><U95/><E45/><V44/><F29/><W100/><G129/><T86/><D69/><U24/><E13/><V47/><F19/><W78/><G28/><T85/><D64/><U12/><E12/><V21/><F21/><W52/><G78/><T128/><D128/><U83/><E83/><V81/><F81/><W94/><G41/><T104/><D108/><U96/><E33/><V113/><F47/><W74/><G74/><T80/><D99/><U40/><E40/><V75/><F113/><W132/><G55/><T46/><D80/><U105/><REACH who="1" step="1"/><E63/><REACH who="1" ten="260,250,220,260" step="2"/><N who="3" m="24138" /><G100/><T4/><D46/><AGARI ba="1,1" hai="17,18,46,49,52,89,94,98,132,134,135" m="24138" machi="46" ten="30,8000,1" yaku="20,1,52,3,54,1" doraHai="130" who="3" fromWho="0" sc="260,-83,250,0,220,0,260,93" /><INIT seed="1,0,0,1,2,133" ten="177,250,220,353" oya="1" hai0="68,43,114,85,29,123,120,134,77,74,63,54,20" hai1="135,62,10,51,9,79,48,12,2,40,73,121,84" hai2="31,116,25,36,42,23,69,33,41,131,122,98,70" hai3="45,92,56,127,19,30,112,126,53,28,72,58,46"/><U71/><E121/><N who="0" m="46665" /><D114/><U65/><E73/><V37/><F116/><W17/><G112/><T107/><D107/><U105/><E105/><V32/><F131/><W21/><G72/><T91/><D134/><U11/><E135/><V109/><F122/><W102/><G102/><T110/><D110/><U47/><E2/><V80/><F109/><W44/><G92/><T1/><D1/><U39/><REACH who="1" step="1"/><E12/><REACH who="1" ten="177,240,220,353" step="2"/><V90/><F37/><W101/><G101/><T18/><D74/><U100/><E100/><V52/><F36/><W61/><G58/><T34/><D68/><U0/><E0/><V94/><F69/><W125/><G19/><T59/><D18/><U93/><E93/><V24/><F70/><W38/><G38/><T60/><D29/><U27/><E27/><AGARI ba="0,1" hai="17,21,27,28,30,44,45,46,53,56,61,125,126,127" machi="27" ten="50,8000,1" yaku="18,1,52,3" doraHai="133" who="3" fromWho="1" sc="177,0,240,-80,220,0,353,90" /><INIT seed="2,0,0,2,4,57" ten="177,160,220,443" oya="2" hai0="63,81,52,70,114,28,3,119,107,22,45,111,103" hai1="123,126,33,24,35,120,41,8,79,51,67,64,94" hai2="31,17,62,46,90,102,121,87,34,25,13,6,26" hai3="93,100,11,1,76,129,68,83,106,71,20,135,101"/><V9/><F121/><W36/><G36/><T54/><D114/><U60/><E126/><V69/><F102/><W78/><G106/><T85/><D111/><U77/><E8/><V58/><F69/><W4/><G129/><T53/><D3/><U112/><E112/><V12/><F46/><W109/><G109/><T125/><D125/><U95/><E51/><V44/><F44/><W82/><G135/><T61/><D70/><U110/><E110/><V23/><F31/><W75/><G20/><T89/><D119/><U72/><E24/><V80/><REACH who="2" step="1"/><F34/><REACH who="2" ten="177,160,210,443" step="2"/><W132/><G132/><T43/><D103/><U92/><E33/><V99/><F99/><W116/><G116/><T65/><D107/><U131/><E35/><V42/><F42/><W7/><G71/><T59/><D43/><U14/><E41/><V16/><F16/><W2/><G68/><T48/><REACH who="0" step="1"/><D63/><REACH who="0" ten="167,160,210,443" step="2"/><U30/><E60/><V104/><F104/><W55/><G101/><T0/><D0/><U5/><E123/><V130/><F130/><W19/><G100/><T115/><D115/><U38/><E120/><V117/><F117/><W39/><G1/><T15/><D15/><U47/><E131/><V27/><F27/><AGARI ba="0,2" hai="22,27,28,45,48,52,53,54,59,61,65,81,85,89" machi="27" ten="40,8000,1" yaku="1,1,8,1,52,1,54,1,53,0" doraHai="57" doraHaiUra="98" who="0" fromWho="2" sc="167,100,160,0,210,-80,443,0" /><INIT seed="3,0,0,5,2,44" ten="267,160,130,443" oya="3" hai0="94,49,95,56,11,71,24,65,126,12,18,31,63" hai1="101,107,93,66,29,132,5,68,79,13,36,52,74" hai2="9,21,116,87,20,30,83,86,8,131,89,59,100" hai3="26,118,78,91,113,39,23,62,61,46,104,38,42"/><W88/><G113/><T35/><REACH who="0" step="1"/><D126/><REACH who="0" ten="257,160,130,443" step="2"/><U82/><E132/><V134/><F134/><W110/><G118/><T119/><D119/><U4/><E107/><V99/><F116/><W1/><G104/><T124/><D124/><U105/><E105/><V41/><F131/><W37/><G110/><T102/><D102/><U127/><E127/><V54/><F100/><W47/><G1/><T117/><D117/><U73/><E101/><V108/><F108/><W75/><G39/><T15/><D15/><U120/><E36/><V34/><F30/><W115/><G115/><T14/><D14/><U123/><E13/><V109/><F109/><W0/><G0/><T2/><D2/><U96/><E29/><V97/><F9/><W53/><G38/><T22/><D22/><U16/><E123/><V27/><F8/><W55/><G23/><T125/><D125/><U112/><E120/><V7/><F20/><W50/><G26/><T45/><D45/><U48/><E112/><V77/><F21/><W43/><G37/><T135/><D135/><U70/><E4/><V84/><F7/><W133/><G133/><T111/><D111/><U33/><E5/><V19/><F27/><W3/><G3/><T92/><D92/><U114/><E114/><V81/><F19/><W25/><G25/><T106/><D106/><U60/><E16/><V57/><F34/><W17/><G17/><T103/><D103/><U72/><E93/><V10/><F10/><W51/><G47/><T121/><D121/><U40/><E33/><V80/><F81/><N who="3" m="45279" /><G46/><T129/><D129/><U32/><E32/><RYUUKYOKU ba="0,1" sc="257,30,160,-10,130,-10,443,-10" hai0="11,12,18,24,31,35,49,56,63,65,71,94,95" /><INIT seed="4,1,1,3,0,120" ten="287,150,120,433" oya="0" hai0="102,83,118,115,105,19,58,55,103,124,56,93,16" hai1="32,77,135,71,80,90,86,65,9,101,8,39,18" hai2="74,111,40,15,75,114,13,106,96,128,131,121,134" hai3="122,63,47,97,52,6,33,81,109,59,73,76,5"/><T132/><D118/><U66/><E32/><V100/><F114/><W69/><G109/><T38/><D115/><U53/><E39/><V23/><F111/><W26/><G122/><T68/><D68/><U21/><E135/><V127/><F127/><W123/><G123/><T94/><D38/><U84/><E101/><N who="0" m="38409" /><D105/><U30/><E30/><V11/><F134/><W3/><G69/><T7/><D7/><U37/><E37/><V20/><F121/><W54/><G3/><T95/><D132/><U27/><E71/><V129/><F40/><W87/><G97/><T64/><D124/><U70/><E70/><V2/><F2/><W125/><G125/><T89/><D64/><N who="1" m="24683" /><E53/><V85/><F85/><W29/><G73/><N who="2" m="27657" /><F15/><W4/><G47/><T50/><D56/><U104/><E104/><V110/><F110/><W12/><REACH who="3" step="1"/><G54/><REACH who="3" ten="287,150,120,423" step="2"/><T49/><D49/><U57/><E57/><V117/><F117/><W91/><G91/><T14/><D14/><AGARI ba="1,2" hai="4,5,6,12,14,26,29,33,52,59,63,76,81,87" machi="14" ten="40,2600,0" yaku="1,1,54,1,53,0" doraHai="120" doraHaiUra="62" who="3" fromWho="0" sc="287,-29,150,0,120,0,423,49" /><INIT seed="5,0,0,0,2,94" ten="258,150,120,472" oya="1" hai0="54,123,76,117,74,81,18,20,111,45,72,50,65" hai1="52,17,22,36,48,118,1,78,75,8,46,69,99" hai2="103,80,6,57,4,96,43,63,120,89,82,132,33" hai3="93,88,61,116,126,124,110,13,95,133,62,0,86"/><U41/><E118/><V104/><F120/><W56/><G110/><T15/><D117/><U30/><E69/><V70/><F132/><W135/><G116/><T27/><D111/><U32/><E32/><V121/><F121/><W19/><G0/><T134/><D123/><U34/><E34/><V98/><F33/><W122/><G95/><T119/><D119/><U113/><E30/><V85/><F70/><W11/><G122/><T66/><D134/><N who="3" m="51209" /><G62/><T79/><D79/><U29/><E29/><V7/><F43/><W100/><G100/><T87/><REACH who="0" step="1"/><D27/><REACH who="0" ten="248,150,120,472" step="2"/><U25/><E113/><V64/><F104/><W127/><G126/><T102/><D102/><U108/><E108/><V38/><F103/><W31/><G31/><T58/><D58/><U73/><E78/><V9/><F38/><W109/><G109/><T125/><D125/><U112/><E112/><V60/><F60/><W83/><G56/><T106/><D106/><U49/><E36/><V101/><F101/><W92/><G61/><T68/><D68/><U55/><E41/><V37/><F37/><W24/><G24/><T128/><D128/><U16/><E75/><AGARI ba="0,1" hai="15,18,20,45,50,54,65,66,72,74,75,76,81,87" machi="75" ten="40,1300,0" yaku="1,1,53,0" doraHai="94" doraHaiUra="67" who="0" fromWho="1" sc="248,23,150,-13,120,0,472,0" /><INIT seed="6,0,0,4,3,112" ten="271,137,120,472" oya="2" hai0="131,86,42,37,111,118,134,100,49,81,92,19,28" hai1="121,123,61,43,119,103,83,107,110,67,84,18,80" hai2="48,39,115,96,40,66,22,97,114,12,27,116,2" hai3="7,60,57,63,10,117,59,23,52,129,56,90,36"/><V127/><F2/><W26/><G117/><T85/><D111/><U72/><E110/><V70/><F39/><W47/><G129/><T54/><D131/><U75/><E43/><V33/><F33/><W9/><G90/><T89/><D134/><U71/><E83/><V128/><F128/><W126/><G126/><T5/><D5/><U65/><E65/><V108/><F127/><W35/><G35/><T21/><D28/><U76/><E119/><V91/><F108/><W17/><G7/><T41/><D37/><U25/><E103/><V104/><F12/><W16/><G17/><T46/><D118/><U24/><E107/><V113/><F116/><W11/><G36/><T125/><D125/><U1/><E1/><V99/><F66/><N who="3" m="39175" /><G47/><T55/><D55/><U6/><E6/><V58/><F70/><W132/><G132/><T130/><D130/><U30/><E18/><N who="2" m="12759" /><F104/><W38/><G38/><T105/><D105/><U62/><E62/><V109/><F109/><W106/><G106/><T93/><D100/><U79/><E25/><V14/><F14/><W94/><G94/><N who="0" m="36459" /><D85/><U101/><E101/><V82/><F40/><W122/><G122/><N who="1" m="46602" /><E79/><V8/><F8/><W69/><G69/><T34/><D34/><AGARI ba="0,0" hai="24,30,34,61,67,71,72,75,76,80,84" m="46602" machi="34" ten="30,1000,0" yaku="13,1" doraHai="112" who="1" fromWho="0" sc="271,-10,137,10,120,0,472,0" /><INIT seed="7,0,0,5,0,109" ten="261,147,120,472" oya="3" hai0="16,11,30,10,80,56,104,122,89,5,90,19,124" hai1="132,85,130,70,105,125,133,32,17,71,101,86,113" hai2="23,112,98,45,76,77,65,57,69,84,6,88,44" hai3="131,126,22,83,31,102,79,50,8,46,120,0,7"/><W87/><G131/><T107/><D122/><U29/><E130/><V60/><F69/><W73/><G126/><T72/><D80/><U55/><E125/><V54/><F112/><W103/><G120/><T52/><D30/><U78/><E113/><V118/><F118/><W134/><G134/><N who="1" m="51818" /><E17/><V51/><F98/><W117/><G117/><T35/><D35/><U116/><E116/><V43/><F6/><W27/><G73/><T81/><D81/><N who="1" m="47287" /><E86/><V25/><F65/><W135/><G135/><T48/><D72/><U42/><E42/><AGARI ba="0,0" hai="0,7,8,22,27,31,42,46,50,79,83,87,102,103" machi="42" ten="30,1500,0" yaku="7,1" doraHai="109" who="3" fromWho="1" sc="261,0,147,-15,120,0,472,15" owari="261,6.0,132,-27.0,120,-38.0,487,59.0" /></mjloggm>