<mjloggm ver="2.3"><GO type="169" lobby="0"/><UN n0="%E6%9A%A2%E4%B8%80" n1="%E6%AC%A1%E3%81%AF%E6%B3%95%E5%BB%B7%E3%81%A7%E4%BC%9A%E3%81%8A%E3%81%86" n2="%E3%81%84%E3%81%AE%E3%81%91%E3%82%93" n3="%4C%65%6D%72%65%73" dan="16,16,17,16" rate="2038.44,2188.43,2277.51,2081.01" sx="M,M,F,M"/><TAIKYOKU oya="0"/><INIT seed="0,0,0,0,4,69" ten="250,250,250,250" oya="0" hai0="104,4,72,98,9,42,84,108,26,74,47,33,27" hai1="81,128,30,53,91,29,83,12,70,105,89,67,102" hai2="119,118,120,117,55,92,2,62,19,135,16,65,112" hai3="20,6,41,37,86,121,130,50,106,88,133,111,28"/><T13/><D108/><U14/><E102/><V34/><F120/><W110/><G106/><T93/><D104/><U59/><E105/><V52/><F112/><W99/><G99/><T61/><D84/><U114/><E70/><V103/><F135/><W5/><G133/><T94/><D94/><U57/><E53/><V68/><F34/><W77/><G77/><T25/><D61/><U46/><E46/><V10/><F2/><W78/><G78/><T17/><D4/><U113/><REACH who="1" step="1"/><E128/><REACH who="1" ten="250,240,250,250" step="2"/><V85/><F103/><W73/><G130/><T23/><D33/><U39/><E39/><V44/><F44/><W64/><G37/><T66/><D66/><AGARI ba="0,1" hai="12,14,29,30,57,59,66,67,81,83,89,91,113,114" machi="66" ten="25,8000,1" yaku="1,1,22,2,53,2" doraHai="69" doraHaiUra="87" who="1" fromWho="0" sc="250,-80,240,90,250,0,250,0" /><INIT seed="1,0,0,4,0,25" ten="170,330,250,250" oya="1" hai0="118,78,10,43,0,53,23,1,65,97,30,39,107" hai1="31,124,37,133,111,85,7,35,112,122,18,89,46" hai2="84,52,8,64,101,114,58,79,99,69,77,95,14" hai3="48,5,22,81,121,11,74,135,63,87,120,4,27"/><U45/><E122/><V6/><F114/><W93/><G135/><T106/><D118/><U68/><E68/><V16/><F69/><W60/><G74/><T91/><D78/><U28/><E35/><V83/><F64/><W92/><G48/><T3/><D65/><U67/><E112/><V94/><F79/><W32/><G32/><T75/><D75/><U98/><E37/><V102/><F6/><W20/><G81/><T15/><D53/><U72/><E72/><V17/><F17/><W76/><G76/><T116/><D116/><U50/><E133/><V113/><F113/><W80/><G80/><T110/><D110/><U29/><E67/><V62/><REACH who="2" step="1"/><F102/><REACH who="2" ten="170,330,240,250" step="2"/><W130/><G4/><T96/><D0/><U36/><E7/><V119/><F119/><W26/><G5/><T59/><D1/><U9/><E124/><V109/><F109/><W104/><G121/><T105/><D3/><U61/><E18/><V90/><F90/><W55/><G120/><T13/><D91/><U49/><E111/><V86/><F86/><W103/><G87/><T44/><D96/><U131/><E98/><V56/><F56/><W54/><G103/><T38/><D59/><U88/><E85/><V41/><F41/><W127/><G127/><T123/><D97/><U51/><E89/><V117/><F117/><W115/><G115/><T24/><D123/><U2/><E88/><V128/><F128/><W70/><G70/><T134/><D134/><U12/><E131/><V47/><F47/><N who="1" m="17929" /><E2/><V82/><F82/><W125/><G125/><T40/><D44/><U33/><E61/><RYUUKYOKU ba="0,1" sc="170,-10,330,-10,240,30,250,-10" hai2="8,14,16,52,58,62,77,83,84,94,95,99,101" /><INIT seed="2,1,1,0,4,133" ten="160,320,270,240" oya="2" hai0="127,23,58,130,107,57,16,104,106,41,99,4,89" hai1="19,117,27,5,43,11,125,132,60,96,88,81,71" hai2="47,42,28,116,6,30,95,113,26,2,53,65,120" hai3="34,45,12,85,31,17,90,92,124,74,98,54,119"/><V105/><F120/><W91/><G119/><T14/><D130/><U9/><E117/><V101/><F116/><W100/><G74/><T22/><D41/><U66/><E132/><V51/><F113/><W78/><G91/><T75/><D75/><U126/><E43/><V62/><F105/><W73/><G34/><T59/><D4/><U21/><E9/><V77/><F77/><W10/><G31/><T121/><D121/><U52/><E52/><V129/><F129/><W61/><G78/><T83/><D127/><U13/><REACH who="1" step="1"/><E96/><REACH who="1" ten="160,310,270,240" step="2"/><V63/><F42/><W70/><G98/><T37/><D37/><U32/><E32/><V128/><F128/><W82/><G54/><T29/><D104/><U0/><E0/><V56/><F63/><W76/><G61/><T110/><D110/><U1/><E1/><V68/><F2/><W48/><G70/><T123/><D123/><U118/><E118/><V134/><F134/><W103/><G10/><T108/><D108/><U111/><E111/><V135/><F135/><W87/><G124/><T15/><D99/><U18/><E18/><V44/><F68/><W69/><G69/><T79/><D29/><U114/><E114/><V112/><F112/><W36/><G17/><T8/><D16/><U20/><E20/><N who="2" m="15431" /><F30/><W38/><G36/><T39/><D39/><U94/><E94/><V46/><F6/><W49/><G92/><T50/><D107/><U40/><E40/><V84/><F84/><AGARI ba="1,2" hai="5,11,13,19,21,27,60,66,71,81,84,88,125,126" machi="84" ten="40,8000,1" yaku="1,1,52,2,54,1,53,0" doraHai="133" doraHaiUra="102" who="1" fromWho="2" sc="160,0,310,103,270,-83,240,0" /><INIT seed="3,0,0,4,5,17" ten="160,413,187,240" oya="3" hai0="40,103,65,39,20,123,96,51,131,4,19,59,111" hai1="12,15,83,67,68,9,0,133,128,116,98,28,63" hai2="18,34,45,76,54,104,100,86,90,79,14,82,109" hai3="70,43,29,80,16,93,134,120,110,99,53,5,102"/><W52/><G120/><T21/><D111/><U112/><E112/><V3/><F3/><W42/><G70/><T84/><D123/><U10/><E133/><V48/><F109/><W72/><G110/><T95/><D131/><U46/><E128/><V122/><F34/><W119/><G119/><T130/><D130/><U117/><E98/><V108/><F108/><W124/><G134/><T55/><D4/><U92/><E92/><V129/><F129/><W22/><G29/><T33/><D33/><U8/><E0/><V60/><F122/><W125/><G5/><T118/><D118/><N who="1" m="45675" /><E28/><V73/><F73/><W85/><G72/><T56/><D19/><U38/><E83/><V66/><F100/><W94/><G94/><T11/><D11/><U36/><E46/><V114/><F104/><W57/><G85/><T74/><D74/><U58/><E58/><V27/><F27/><N who="3" m="14791" /><G80/><T24/><D24/><U113/><E113/><V61/><F114/><W132/><G132/><T49/><D39/><AGARI ba="0,0" hai="8,9,10,12,15,36,38,39,63,67,68" m="45675" machi="39" ten="40,1300,0" yaku="12,1" doraHai="17" who="1" fromWho="0" sc="160,-13,413,13,187,0,240,0" /><INIT seed="4,0,0,1,3,111" ten="147,426,187,240" oya="0" hai0="26,40,27,53,10,54,5,16,69,124,66,19,55" hai1="42,133,94,67,110,12,4,98,14,9,121,2,75" hai2="103,92,107,77,126,45,122,72,80,62,129,59,61" hai3="74,56,99,93,116,101,114,127,63,1,57,73,49"/><T85/><D124/><U31/><E110/><V47/><F122/><W112/><G127/><T131/><D131/><U13/><E75/><V108/><F108/><W120/><G120/><T20/><D40/><U125/><E125/><V134/><F126/><W106/><G116/><T83/><D69/><U97/><E133/><V33/><F134/><W105/><G1/><T11/><D66/><U100/><E121/><V46/><F129/><W79/><G49/><T64/><D64/><U78/><E78/><V68/><F33/><W88/><G56/><T39/><D39/><U24/><E42/><V8/><F68/><W35/><G35/><T89/><REACH who="0" step="1"/><D5/><REACH who="0" ten="137,426,187,240" step="2"/><U132/><E67/><V76/><F76/><W3/><G79/><T81/><D81/><U109/><E109/><V113/><F80/><W17/><G73/><T82/><D82/><U25/><E4/><V0/><F77/><W102/><G74/><T37/><D37/><U29/><E132/><V41/><F72/><W128/><G128/><T84/><D84/><U51/><E98/><V86/><F41/><W130/><G130/><T104/><D104/><U36/><E36/><V32/><F107/><W71/><G71/><T70/><D70/><U117/><E97/><V38/><F86/><W28/><G106/><T50/><D50/><U60/><E51/><V48/><F48/><W43/><G105/><T115/><D115/><U123/><E123/><V96/><F38/><W58/><G43/><T6/><D6/><U135/><E135/><V21/><F62/><W18/><G63/><T87/><D87/><U44/><E60/><RYUUKYOKU ba="0,1" sc="137,30,426,-10,187,-10,240,-10" hai0="10,11,16,19,20,26,27,53,54,55,83,85,89" /><INIT seed="4,1,1,1,3,40" ten="167,416,177,230" oya="0" hai0="68,133,72,26,84,44,93,7,4,1,82,39,23" hai1="71,116,18,98,6,115,31,99,92,65,50,35,81" hai2="127,85,104,19,79,42,10,131,75,25,51,123,78" hai3="46,124,67,105,8,114,27,5,76,12,32,59,37"/><T109/><D109/><U91/><E116/><V135/><F123/><W9/><G105/><T38/><D133/><U64/><E71/><V34/><F104/><W73/><G124/><T94/><D68/><U15/><E6/><V11/><F127/><W63/><G114/><T52/><D72/><U56/><E35/><V106/><F106/><W103/><G103/><T22/><D1/><U130/><E31/><V102/><F75/><W17/><G76/><N who="0" m="46151" /><D39/><U128/><E81/><V132/><F102/><W36/><G73/><T66/><D38/><U13/><E99/><V119/><F131/><W14/><G32/><T47/><D66/><U57/><E13/><V83/><F79/><W117/><G117/><T110/><D110/><U58/><E115/><V20/><F34/><W90/><G27/><T97/><D23/><N who="1" m="11743" /><E130/><V43/><F119/><W96/><G36/><T70/><D70/><U126/><E126/><V120/><F120/><W45/><G37/><T2/><D2/><U33/><E33/><V49/><F135/><W60/><G60/><T121/><D121/><U89/><E128/><V69/><F69/><W107/><G107/><T41/><D41/><N who="2" m="15370" /><F132/><W24/><G24/><T21/><D21/><U122/><E122/><V62/><F62/><W77/><G77/><T129/><D129/><U53/><E65/><V30/><F30/><W16/><G5/><N who="0" m="2123" /><D52/><U112/><E64/><V88/><F78/><W113/><G113/><T3/><D3/><U125/><E125/><V74/><F74/><W54/><G67/><T29/><D97/><U134/><E134/><V118/><F118/><RYUUKYOKU ba="1,1" sc="167,10,416,-30,177,10,230,10" hai0="22,26,29,44,47,93,94" hai2="10,11,19,20,25,49,51,83,85,88" hai3="8,9,12,14,16,17,45,46,54,59,63,90,96" /><INIT seed="4,2,1,5,1,12" ten="177,386,187,240" oya="0" hai0="10,113,82,99,92,71,121,26,36,89,130,102,112" hai1="107,31,131,53,70,105,96,5,73,24,49,25,126" hai2="106,38,129,30,83,8,23,74,44,79,127,128,119" hai3="50,42,123,58,75,3,48,45,9,60,109,97,6"/><T13/><D130/><N who="2" m="50282" /><F127/><W125/><G109/><T95/><D121/><U37/><E25/><N who="2" m="16703" /><F119/><W55/><G125/><T51/><D71/><U46/><E70/><V17/><F106/><W15/><G123/><T21/><D36/><U11/><E37/><V93/><F93/><W88/><G75/><T32/><D32/><U4/><E73/><V52/><F38/><W110/><G110/><T115/><D51/><U64/><E64/><V29/><F29/><W108/><G108/><T111/><D111/><U56/><E4/><V118/><F118/><W90/><G97/><T41/><D41/><U81/><E46/><V132/><F132/><W78/><G78/><T22/><D82/><U65/><E65/><V120/><F120/><W54/><G3/><T68/><D68/><U61/><E49/><N who="2" m="28711" /><F8/><W57/><AGARI ba="2,1" hai="6,9,15,42,45,48,50,54,55,57,58,60,88,90" machi="57" ten="20,5200,0" yaku="0,1,7,1,8,1,54,1" doraHai="12" who="3" fromWho="3" sc="177,-28,386,-15,187,-15,240,68" /><INIT seed="5,0,0,1,0,52" ten="149,371,172,308" oya="1" hai0="43,112,6,93,100,110,113,48,107,133,89,81,34" hai1="5,12,98,46,67,102,84,131,62,1,24,53,31" hai2="95,121,45,101,64,85,77,109,54,134,66,61,92" hai3="122,90,50,42,88,56,99,91,76,129,58,69,78"/><U21/><E131/><V40/><F121/><W32/><G122/><T44/><D110/><U39/><E1/><V2/><F109/><W14/><G32/><T97/><D133/><U111/><E111/><V37/><F134/><W108/><G69/><T59/><D34/><U9/><E84/><V80/><F2/><W73/><G129/><T65/><D6/><U15/><E15/><V83/><F101/><W28/><G28/><T72/><D65/><U26/><E26/><V86/><F54/><W51/><G108/><T106/><D106/><U4/><E4/><V63/><F63/><W120/><G120/><T8/><D8/><U33/><E33/><V104/><F64/><W117/><G73/><T13/><D13/><U60/><E39/><V114/><F104/><W103/><G117/><T70/><D70/><U126/><E126/><V127/><F127/><W38/><G38/><T22/><D22/><U75/><E75/><V130/><F130/><W68/><G68/><T11/><D11/><U23/><E23/><V124/><F114/><W79/><G14/><T25/><D25/><U132/><E132/><V135/><F124/><W115/><G115/><T87/><D59/><N who="3" m="22569" /><G42/><T35/><D35/><U0/><E0/><V10/><F10/><W49/><G103/><T41/><D43/><U3/><E3/><V116/><F116/><W82/><G82/><T29/><D29/><U128/><E128/><V74/><F135/><W96/><AGARI ba="0,0" hai="49,50,51,76,78,79,88,90,91,96,99" m="22569" machi="96" ten="40,16000,3" yaku="29,2,28,2,8,1,52,3,54,1" doraHai="52" who="3" fromWho="3" sc="149,-40,371,-80,172,-40,308,160" /><INIT seed="6,0,0,0,1,62" ten="109,291,132,468" oya="2" hai0="77,78,0,18,66,46,25,97,115,127,31,20,12" hai1="111,70,110,102,81,109,2,13,84,95,3,11,98" hai2="64,9,21,130,104,92,40,79,38,116,122,120,55" hai3="22,75,7,68,108,10,30,114,28,67,128,113,73"/><V80/><F116/><W126/><G108/><T33/><D115/><N who="3" m="44041" /><G126/><T8/><D127/><U72/><E72/><V15/><F104/><W43/><G128/><T47/><D97/><U133/><E70/><V56/><F130/><W63/><G43/><T86/><D66/><U94/><E94/><V135/><F135/><W69/><G69/><T57/><D57/><U6/><REACH who="1" step="1"/><E133/><REACH who="1" ten="109,281,132,468" step="2"/><V88/><F122/><W125/><G125/><T91/><D77/><AGARI ba="0,1" hai="2,3,6,11,13,77,81,84,95,98,102,109,110,111" machi="77" ten="40,2600,0" yaku="1,1,2,1,53,0" doraHai="62" doraHaiUra="124" who="1" fromWho="0" sc="109,-26,281,36,132,0,468,0" /><INIT seed="7,0,0,5,3,98" ten="83,317,132,468" oya="3" hai0="72,122,8,42,4,88,127,105,24,44,25,26,108" hai1="125,37,113,61,121,93,128,78,60,94,3,39,77" hai2="69,15,135,82,17,36,7,84,38,87,110,133,6" hai3="55,85,58,96,28,76,33,111,118,132,56,43,47"/><W75/><G75/><T5/><D108/><U50/><E50/><V40/><F69/><W23/><G33/><T31/><D122/><U41/><E41/><V102/><F102/><W1/><G96/><T116/><D116/><U45/><E45/><N who="2" m="23687" /><F38/><W71/><G23/><T22/><D127/><U109/><E128/><V90/><F110/><W67/><G132/><N who="2" m="50761" /><F87/><W112/><G28/><T2/><D72/><U21/><E21/><AGARI ba="0,0" hai="6,7,15,17,21,82,84,90" m="50761,23687" machi="21" ten="30,1000,0" yaku="20,1" doraHai="98" who="2" fromWho="1" sc="83,0,317,-10,132,10,468,0" owari="83,-42.0,307,11.0,142,-26.0,468,57.0" /></mjloggm>