<mjloggm ver="2.3"><GO type="169" lobby="0"/><UN n0="%E3%81%95%E3%82%80%E3%82%89%E3%81%8B%E3%82%8F%E3%81%A1%E3%81%AE%E7%A5%9E" n1="%67%61%79%75%6E%79" n2="%68%6F%6C%6D%65%73" n3="%43%6C%69%6F" dan="17,16,16,16" rate="2200.89,2166.61,2144.62,2048.83" sx="M,M,M,M"/><TAIKYOKU oya="0"/><INIT seed="0,0,0,5,0,55" ten="250,250,250,250" oya="0" hai0="81,75,93,97,7,129,98,111,123,63,113,70,8" hai1="115,60,108,15,112,105,95,21,131,51,50,76,39" hai2="110,17,14,104,126,33,84,122,35,31,24,114,28" hai3="130,67,100,117,109,94,92,68,73,82,48,58,69"/><T19/><D113/><N who="1" m="43595" /><E105/><V22/><F104/><W23/><G117/><T45/><D123/><U20/><E39/><V79/><F84/><W38/><G38/><T49/><D129/><U128/><E108/><V85/><F85/><W107/><G107/><T53/><D111/><U1/><E1/><V42/><F79/><W66/><G109/><T106/><D19/><N who="1" m="10367" /><E21/><V99/><F99/><W120/><G73/><T10/><D106/><U34/><E34/><N who="2" m="12811" /><F42/><W133/><G130/><N who="1" m="49706" /><E60/><V43/><F43/><W62/><G62/><T90/><D63/><U132/><E132/><V16/><F114/><W118/><G133/><T74/><D10/><U87/><E95/><V124/><F122/><W71/><G120/><T102/><D81/><AGARI ba="0,0" hai="50,51,76,81,87" m="49706,10367,43595" machi="81" ten="30,2000,0" yaku="11,1,19,1" doraHai="55" who="1" fromWho="0" sc="250,-20,250,20,250,0,250,0" /><INIT seed="1,0,0,1,4,113" ten="230,270,250,250" oya="1" hai0="14,65,97,69,57,79,109,21,17,92,18,100,5" hai1="114,76,85,35,40,83,96,120,36,53,55,49,7" hai2="119,8,45,48,20,75,50,104,106,3,105,44,13" hai3="84,37,80,129,111,133,91,77,134,78,122,54,10"/><U24/><E120/><V33/><F33/><W118/><G37/><T61/><D109/><U128/><E114/><V108/><F75/><W101/><G10/><T99/><D79/><N who="3" m="30217" /><G54/><T15/><D5/><U131/><E7/><V23/><F108/><W73/><G111/><T107/><D69/><U0/><E0/><V9/><F105/><W58/><G58/><T126/><D126/><U51/><E96/><V34/><F34/><W63/><G63/><T115/><D115/><U94/><E94/><V125/><F13/><W28/><G28/><T30/><D30/><N who="1" m="19911" /><E40/><V72/><F72/><W98/><G122/><T47/><D47/><U27/><E27/><V88/><F88/><N who="3" m="51207" /><G129/><N who="1" m="49738" /><E36/><V41/><F41/><W86/><G73/><T29/><D29/><U26/><E26/><V56/><F56/><W31/><G31/><T67/><D67/><U1/><E1/><V132/><F3/><W135/><G98/><T68/><D68/><U59/><E53/><V123/><F123/><W43/><G43/><T102/><D18/><U25/><E25/><AGARI ba="0,0" hai="14,15,17,21,25,57,61,65,92,97,99,100,102,107" machi="25" ten="30,1000,0" yaku="7,1" doraHai="113" who="0" fromWho="1" sc="230,10,270,-10,250,0,250,0" /><INIT seed="2,0,0,3,4,77" ten="240,260,250,250" oya="2" hai0="43,134,123,79,41,62,88,106,107,23,19,85,132" hai1="129,108,105,117,49,91,33,81,36,51,46,14,67" hai2="18,8,40,6,80,75,60,65,53,114,16,55,32" hai3="112,42,104,73,82,89,52,31,28,38,113,4,1"/><V35/><F114/><N who="3" m="44139" /><G104/><T94/><D123/><U57/><E117/><V37/><F35/><W95/><G42/><N who="0" m="15883" /><D62/><U5/><E33/><V71/><F32/><W74/><G38/><T76/><D76/><U20/><E105/><V24/><F75/><W96/><G4/><T17/><D17/><U93/><E36/><V116/><F116/><W109/><G1/><T12/><D79/><U115/><E115/><V61/><F80/><W63/><G109/><T54/><D54/><U27/><E129/><V78/><F78/><N who="3" m="44367" /><G74/><T56/><D56/><AGARI ba="0,0" hai="28,31,52,56,63,89,95,96" m="44367,44139" machi="56" ten="30,3900,0" yaku="11,1,52,1,54,1" doraHai="77" who="3" fromWho="0" sc="240,-39,260,0,250,0,250,39" /><INIT seed="3,0,0,2,5,68" ten="201,260,250,289" oya="3" hai0="77,89,14,52,87,24,84,103,85,123,51,115,78" hai1="50,6,112,34,120,67,90,10,114,36,56,40,69" hai2="27,12,122,105,19,28,38,88,30,13,65,32,72" hai3="29,2,57,104,39,117,0,97,80,42,106,107,43"/><W131/><G117/><T132/><D123/><U133/><E34/><V125/><F105/><W134/><G29/><T11/><D132/><U121/><E90/><V4/><F72/><W73/><G97/><T45/><D115/><N who="1" m="44075" /><E10/><V23/><F65/><W47/><G57/><T3/><D3/><N who="3" m="1065" /><G131/><T126/><D126/><U128/><E6/><V99/><F30/><W53/><G53/><T95/><D103/><U83/><E83/><V118/><F118/><W124/><G124/><T135/><D24/><U116/><E116/><V9/><F122/><N who="1" m="47209" /><E69/><V101/><F125/><W119/><G119/><T7/><REACH who="0" step="1"/><D135/><REACH who="0" ten="191,260,250,289" step="2"/><U96/><E133/><V37/><REACH who="2" step="1"/><F101/><REACH who="2" ten="191,260,240,289" step="2"/><W91/><G134/><T62/><D62/><U22/><E128/><V26/><F26/><W66/><G107/><T33/><D33/><U20/><E67/><V82/><F82/><W86/><G66/><T93/><D93/><AGARI ba="0,2" hai="4,9,12,13,19,23,27,28,32,37,38,88,93,99" machi="93" ten="40,8000,1" yaku="1,1,52,2,54,1,53,0" doraHai="68" doraHaiUra="35" who="2" fromWho="0" sc="191,-80,260,0,240,100,289,0" /><INIT seed="4,0,0,0,3,127" ten="111,260,340,289" oya="0" hai0="91,61,54,111,58,105,86,71,120,77,27,8,5" hai1="41,19,2,123,116,46,57,7,15,18,69,95,35" hai2="104,23,66,98,115,135,47,133,59,10,92,87,110" hai3="89,132,118,48,14,63,113,1,101,126,56,4,25"/><T16/><D120/><U30/><E69/><V99/><F110/><W129/><G126/><T64/><D105/><U85/><E123/><V76/><F115/><W65/><G113/><T106/><D106/><U125/><E116/><V83/><F104/><W40/><G118/><T20/><D111/><U33/><E57/><V103/><F98/><W90/><G101/><T13/><D77/><U60/><E60/><N who="2" m="38175" /><F47/><W108/><G132/><N who="2" m="50761" /><F23/><W49/><G108/><T122/><D122/><U94/><E46/><V44/><F44/><W12/><G40/><T114/><D114/><U29/><E41/><V53/><F53/><W100/><G100/><T50/><D86/><U130/><E85/><V42/><F10/><W96/><G49/><T78/><D78/><U38/><E125/><V34/><F42/><W97/><G48/><T73/><REACH who="0" step="1"/><D91/><REACH who="0" ten="101,260,340,289" step="2"/><U52/><E95/><V84/><F87/><W6/><G90/><T51/><D51/><U26/><E94/><V21/><F84/><W102/><G89/><T31/><D31/><U17/><E30/><V36/><F76/><W88/><G88/><T74/><AGARI ba="0,1" hai="5,8,13,16,20,27,50,54,58,61,64,71,73,74" machi="74" ten="30,6000,0" yaku="1,1,0,1,54,1,53,0" doraHai="127" doraHaiUra="37" who="0" fromWho="0" sc="101,70,260,-20,340,-20,289,-20" /><INIT seed="4,1,0,5,4,57" ten="171,240,320,269" oya="0" hai0="91,83,46,44,98,26,101,1,18,99,54,128,74" hai1="41,62,9,3,24,104,102,130,126,70,108,19,27" hai2="123,117,113,86,116,20,52,28,133,71,21,6,61" hai3="84,30,88,16,77,118,103,110,112,13,107,39,37"/><T25/><D1/><U92/><E108/><V75/><F75/><W85/><G110/><T64/><D128/><U82/><E130/><V0/><F123/><W47/><G118/><N who="2" m="45673" /><F113/><W31/><G112/><T23/><D74/><U90/><E126/><V51/><F28/><W48/><G77/><T22/><D64/><U114/><E41/><V87/><F0/><W131/><G131/><T94/><D54/><U95/><E82/><V35/><F6/><W81/><G85/><N who="2" m="32265" /><F35/><W40/><G39/><T4/><D4/><U106/><E3/><V125/><F133/><W65/><G37/><T32/><D32/><U5/><E5/><V36/><F36/><W59/><G103/><T97/><D83/><U129/><E102/><V11/><F11/><N who="3" m="6207" /><G107/><T45/><REACH who="0" step="1"/><D101/><REACH who="0" ten="161,240,320,269" step="2"/><U42/><E129/><V119/><F119/><W93/><G81/><T7/><D7/><U100/><E100/><V115/><F115/><W73/><G73/><T122/><D122/><U17/><E114/><V132/><F132/><W38/><G38/><T60/><D60/><AGARI ba="1,1" hai="30,31,40,47,48,59,60,65,84,88,93" m="6207" machi="60" ten="30,7700,0" yaku="8,1,52,1,54,2" doraHai="57" who="3" fromWho="0" sc="161,-80,240,0,320,0,269,90" /><INIT seed="5,0,0,2,0,98" ten="81,240,320,359" oya="1" hai0="41,21,78,105,14,114,92,10,85,15,102,73,2" hai1="81,57,53,19,68,51,58,83,20,32,121,9,130" hai2="79,123,1,90,100,88,133,13,0,107,37,17,131" hai3="116,103,95,24,26,64,87,135,8,112,25,94,71"/><U72/><E32/><V66/><F123/><W69/><G116/><T16/><D114/><U40/><E68/><V28/><F37/><W132/><G112/><T18/><D2/><U108/><E121/><V27/><F79/><W47/><G8/><T74/><D105/><U22/><E130/><V109/><F109/><W62/><G47/><T63/><D41/><U59/><E108/><V6/><F66/><W91/><G71/><T39/><D39/><U42/><E9/><V38/><F38/><W113/><G113/><T82/><REACH who="0" step="1"/><D63/><REACH who="0" ten="71,240,320,359" step="2"/><U124/><E124/><V50/><F0/><W29/><G29/><T129/><D129/><U54/><E42/><V106/><F1/><W11/><G62/><T118/><D118/><U110/><E40/><V3/><F106/><W52/><G64/><T122/><D122/><U36/><E110/><V49/><F107/><W55/><G69/><T86/><D86/><U23/><E36/><V48/><F3/><W104/><G104/><T70/><D70/><U43/><E43/><V67/><F67/><W84/><G84/><T31/><D31/><U33/><E72/><V128/><F28/><W125/><G125/><T93/><D93/><U89/><E51/><V34/><F49/><W35/><G35/><T30/><D30/><U5/><E33/><V76/><F48/><W75/><G75/><T120/><D120/><U126/><E126/><V4/><F34/><W115/><G115/><T127/><D127/><U80/><E54/><V65/><F131/><W45/><G55/><T12/><D12/><U7/><E53/><V101/><F128/><RYUUKYOKU ba="0,1" sc="71,30,240,-10,320,-10,359,-10" hai0="10,14,15,16,18,21,73,74,78,82,85,92,102" /><INIT seed="6,1,1,5,5,5" ten="101,230,310,349" oya="2" hai0="37,24,73,103,32,111,10,13,28,125,22,19,38" hai1="130,4,51,89,121,113,80,108,26,54,72,98,65" hai2="131,90,119,102,69,41,31,105,97,104,123,63,55" hai3="30,18,135,35,115,75,14,116,66,68,49,101,61"/><V62/><F119/><W84/><G116/><T2/><D111/><U76/><E108/><V99/><F123/><W134/><G75/><T91/><D125/><U117/><E117/><V42/><F131/><W100/><G35/><T45/><D73/><U56/><E130/><V64/><F31/><W67/><G66/><T59/><D103/><N who="3" m="39497" /><G30/><T94/><D59/><U15/><E113/><V33/><F33/><W78/><G49/><T44/><D44/><U0/><E0/><V92/><REACH who="2" step="1"/><F104/><REACH who="2" ten="101,230,300,349" step="2"/><W110/><G110/><T58/><D58/><AGARI ba="1,2" hai="41,42,55,58,62,63,64,69,90,92,97,99,102,105" machi="58" ten="40,7700,0" yaku="1,1,2,1,53,1" doraHai="5" doraHaiUra="85" who="2" fromWho="0" sc="101,-80,230,0,300,100,349,0" /><INIT seed="6,2,0,3,2,47" ten="21,230,400,349" oya="2" hai0="61,93,55,119,75,109,18,78,16,117,28,105,27" hai1="2,91,87,120,64,102,77,12,108,129,51,60,40" hai2="48,76,36,134,45,123,1,95,67,121,15,122,31" hai3="107,83,26,14,92,84,25,52,65,74,86,9,13"/><V53/><F1/><W62/><G107/><T128/><D55/><U106/><E2/><V113/><F113/><W34/><G74/><T50/><D61/><U42/><E108/><V35/><F134/><W0/><G0/><T11/><D93/><U66/><E129/><V23/><F67/><W20/><G34/><T132/><D78/><U124/><E77/><V17/><F76/><W5/><G92/><T103/><D103/><U97/><E124/><V33/><F31/><W81/><G65/><T24/><D105/><U116/><E116/><V104/><F104/><W125/><G125/><T29/><D75/><U135/><E135/><V4/><F4/><W98/><G98/><T100/><D100/><U115/><E115/><V79/><F79/><W68/><G68/><T63/><D63/><U57/><E120/><V44/><REACH who="2" step="1"/><F95/><REACH who="2" ten="21,230,390,349" step="2"/><W114/><G114/><T6/><D132/><U43/><E64/><V59/><F59/><N who="3" m="35175" /><G83/><T41/><D41/><AGARI ba="2,1" hai="15,17,23,33,35,36,41,44,45,48,53,121,122,123" machi="41" ten="40,3900,0" yaku="1,1,52,1,53,0" doraHai="47" doraHaiUra="85" who="2" fromWho="0" sc="21,-45,230,0,390,55,349,0" owari="-24,-52.0,230,-17.0,445,54.0,349,15.0" /></mjloggm>