<mjloggm ver="2.3"><GO type="169" lobby="0"/><UN n0="%E3%88%B2%E5%A4%A7%E5%8D%9A%E6%89%93" n1="%E3%81%94%E3%82%8A%E3%81%94%E3%82%8A%E3%81%94%E3%82%8A%E3%82%89" n2="%E6%A0%97%E7%94%B0%E6%81%AD%E5%AE%8F" n3="%53%74%65%69%6E%73" dan="17,17,16,16" rate="2139.95,2161.65,2076.23,2155.52" sx="M,M,M,M"/><TAIKYOKU oya="0"/><INIT seed="0,0,0,0,3,66" ten="250,250,250,250" oya="0" hai0="91,113,52,97,58,108,103,33,48,135,106,45,102" hai1="130,36,122,132,78,25,62,12,41,124,27,75,61" hai2="37,51,88,83,1,131,13,6,50,74,87,4,67" hai3="0,128,121,38,89,84,110,54,118,2,47,8,26"/><T57/><D113/><U59/><E122/><V96/><F37/><W70/><G118/><T125/><D33/><U43/><E130/><V20/><F131/><W68/><G128/><T105/><D135/><U109/><E132/><V90/><F74/><W16/><G121/><T115/><D115/><U98/><E98/><V126/><F126/><W44/><G44/><T11/><D125/><U30/><E124/><V76/><F1/><W71/><G110/><T17/><D108/><U29/><E12/><V7/><F67/><W134/><G134/><T133/><D133/><U49/><E36/><V14/><F96/><W95/><G54/><T119/><D119/><U24/><E109/><V92/><F90/><W107/><G107/><T77/><D77/><U81/><E62/><V64/><F64/><W60/><G60/><T32/><D32/><U10/><E10/><V85/><REACH who="2" step="1"/><F13/><REACH who="2" ten="250,250,240,250" step="2"/><W120/><G120/><T18/><D106/><U117/><E117/><V39/><F39/><W129/><G129/><T101/><D105/><U46/><REACH who="1" step="1"/><E41/><REACH who="1" ten="250,240,240,250" step="2"/><V28/><F28/><W79/><G0/><T34/><D97/><U56/><E56/><V22/><F22/><W72/><G2/><T69/><D34/><U23/><E23/><V99/><F99/><W31/><G8/><T65/><D11/><U112/><E112/><V104/><F104/><W3/><G3/><T40/><D58/><U55/><AGARI ba="0,2" hai="24,25,27,29,30,43,46,49,55,59,61,75,78,81" machi="55" ten="30,2000,0" yaku="1,1,0,1,53,0" doraHai="66" doraHaiUra="94" who="1" fromWho="1" sc="250,-10,240,40,240,-5,250,-5" /><INIT seed="1,0,0,4,5,92" ten="240,280,235,245" oya="1" hai0="94,66,102,39,8,72,91,14,15,34,126,124,33" hai1="134,118,19,104,78,129,31,74,42,32,28,41,30" hai2="37,110,130,96,54,80,47,101,22,132,87,71,73" hai3="83,57,95,27,79,50,3,75,65,1,117,111,6"/><U60/><E104/><V4/><F71/><W135/><G111/><T125/><D72/><U82/><E118/><V120/><F120/><W63/><G117/><T99/><D39/><U48/><E129/><V53/><F73/><W103/><G135/><T12/><D66/><U114/><E32/><V76/><F132/><W77/><G77/><T133/><D133/><U51/><E134/><V112/><F110/><W59/><G6/><T20/><D8/><U69/><E114/><V10/><F130/><W89/><G103/><T85/><REACH who="0" step="1"/><D20/><REACH who="0" ten="230,280,235,245" step="2"/><U0/><E69/><V109/><F22/><W84/><G75/><T70/><D70/><U44/><E0/><V115/><F109/><W7/><G1/><T122/><D122/><U49/><E41/><V43/><F115/><W36/><G36/><T128/><D128/><U93/><E60/><V97/><F112/><W105/><G63/><T46/><D46/><U13/><REACH who="1" step="1"/><E93/><AGARI ba="0,1" hai="12,14,15,33,34,85,91,93,94,99,102,124,125,126" machi="93" ten="50,6400,0" yaku="1,1,18,1,52,1,53,0" doraHai="92" doraHaiUra="131" who="0" fromWho="1" sc="230,74,280,-64,235,0,245,0" /><INIT seed="2,0,0,0,1,104" ten="304,216,235,245" oya="2" hai0="92,21,47,3,0,14,82,115,103,85,1,54,106" hai1="77,109,4,86,13,69,81,19,9,44,83,58,135" hai2="118,63,61,26,40,110,31,93,46,119,134,10,2" hai3="33,121,97,80,72,45,84,65,91,108,130,68,57"/><V88/><F134/><W71/><G121/><T100/><D106/><U112/><E69/><V105/><F105/><W41/><G108/><T37/><D115/><U117/><E109/><V53/><F110/><W34/><G130/><T123/><D123/><U74/><E112/><V126/><F126/><W25/><G57/><T35/><D35/><U120/><E117/><V51/><F2/><W7/><G97/><T111/><D111/><U76/><E135/><V20/><F10/><W42/><G42/><T59/><D37/><U43/><E120/><V18/><F31/><W132/><G132/><T78/><D47/><U124/><E124/><V27/><F27/><W22/><G7/><T5/><D92/><U38/><E58/><V114/><F114/><W23/><G23/><T129/><D129/><U133/><REACH who="1" step="1"/><E133/><REACH who="1" ten="304,206,235,245" step="2"/><V29/><F119/><W125/><G125/><T94/><D59/><U56/><E56/><V102/><F118/><W17/><G71/><T107/><D0/><U75/><E75/><V48/><F63/><W28/><G72/><T99/><D1/><U116/><E116/><V8/><F61/><W122/><G122/><T50/><D3/><U55/><E55/><V64/><F64/><W89/><G65/><T15/><D54/><U11/><E11/><V60/><F60/><W49/><G68/><T16/><D107/><U127/><E127/><V73/><F73/><W39/><G39/><T30/><D30/><U70/><E70/><V87/><F8/><W24/><G34/><T128/><D128/><U36/><E36/><V12/><F29/><W6/><G33/><RYUUKYOKU ba="0,1" sc="304,-10,206,30,235,-10,245,-10" hai1="4,9,13,19,38,43,44,74,76,77,81,83,86" /><INIT seed="3,1,1,4,4,1" ten="294,236,225,235" oya="3" hai0="41,5,92,86,67,128,130,2,44,27,17,104,94" hai1="57,75,121,38,117,4,22,107,73,120,134,122,31" hai2="13,30,96,77,51,80,112,83,125,59,55,28,113" hai3="114,3,108,56,85,47,25,66,99,45,109,81,61"/><W8/><G114/><T115/><D104/><U14/><E38/><V127/><F96/><W133/><G133/><T65/><D115/><N who="2" m="44106" /><F13/><W90/><G25/><T24/><D44/><U89/><E134/><V40/><F40/><W131/><G131/><T11/><D41/><U29/><E107/><V62/><F62/><W37/><G99/><T0/><D86/><U19/><E117/><V16/><F16/><W95/><G95/><T135/><D135/><U71/><E71/><V100/><F100/><W111/><G37/><T97/><D17/><U35/><E57/><V53/><F53/><W39/><G39/><T23/><D97/><U64/><E64/><V32/><F32/><W33/><G33/><T98/><D98/><U46/><E46/><V26/><F26/><W7/><AGARI ba="1,1" hai="3,7,8,45,47,56,61,66,81,85,90,108,109,111" machi="7" ten="40,12000,1" yaku="0,1,14,1,10,1,52,1" doraHai="1" who="3" fromWho="3" sc="294,-41,236,-41,225,-41,235,133" /><INIT seed="3,2,0,0,4,53" ten="253,195,184,368" oya="3" hai0="8,115,5,51,128,54,114,112,22,33,131,96,102" hai1="17,126,26,32,66,133,37,44,70,11,101,76,45" hai2="49,81,61,2,84,50,123,120,85,27,47,15,55" hai3="129,20,71,73,93,119,52,95,94,122,69,64,83"/><W82/><G119/><T86/><D33/><U9/><E101/><V132/><F2/><W14/><G122/><N who="2" m="46633" /><F132/><W46/><G129/><T62/><D62/><U30/><E76/><V28/><F15/><W35/><G35/><T100/><D22/><U79/><E79/><V0/><F0/><W113/><G113/><T110/><D110/><U118/><E118/><V75/><F75/><W57/><G73/><T41/><D41/><U4/><E66/><V92/><F92/><W109/><G71/><T43/><D43/><U60/><E60/><V24/><F61/><N who="3" m="37935" /><G69/><T7/><D86/><N who="2" m="33386" /><F81/><W18/><G109/><T12/><D5/><U67/><E70/><V16/><F16/><W127/><G127/><T34/><D34/><U97/><E67/><V91/><F91/><W39/><G39/><T106/><REACH who="0" step="1"/><D102/><REACH who="0" ten="243,195,184,368" step="2"/><U99/><E32/><V107/><F27/><W125/><G125/><T25/><D25/><U74/><E26/><V48/><F107/><W21/><G20/><AGARI ba="2,1" hai="20,24,28,47,48,49,50,55" m="33386,46633" machi="20" ten="30,1000,0" yaku="13,1" doraHai="53" who="2" fromWho="3" sc="243,0,195,0,184,26,368,-16" /><INIT seed="4,0,0,4,3,134" ten="243,195,210,352" oya="0" hai0="89,82,126,128,51,59,123,65,104,102,120,67,52" hai1="77,79,71,50,26,110,22,125,29,28,17,64,30" hai2="39,97,53,90,33,101,11,127,25,95,8,74,14" hai3="48,24,55,40,35,63,31,122,103,41,93,81,1"/><T57/><D128/><U61/><E110/><V20/><F33/><W10/><G122/><T116/><D116/><U44/><REACH who="1" step="1"/><E125/><REACH who="1" ten="243,185,210,352" step="2"/><V80/><F127/><W66/><G1/><T131/><D131/><U94/><E94/><V58/><F95/><W84/><G93/><T96/><D126/><U114/><E114/><V83/><F83/><W16/><G81/><T38/><D38/><U18/><E18/><V68/><F80/><W47/><G16/><T78/><D89/><U43/><AGARI ba="0,1" hai="17,22,26,28,29,30,43,44,50,61,64,71,77,79" machi="43" ten="30,2000,0" yaku="1,1,0,1,53,0" doraHai="134" doraHaiUra="109" who="1" fromWho="1" sc="243,-10,185,30,210,-5,352,-5" /><INIT seed="5,0,0,2,2,126" ten="233,215,205,347" oya="1" hai0="73,62,58,103,7,76,133,19,22,15,69,43,72" hai1="12,27,65,26,123,100,60,89,122,56,114,38,106" hai2="35,13,10,129,37,64,115,98,99,86,4,36,85" hai3="11,96,16,3,49,2,131,67,82,110,105,104,57"/><U54/><E38/><V124/><F35/><W48/><G110/><T28/><D69/><U113/><E89/><V112/><F124/><W84/><G131/><T75/><D133/><U30/><E100/><V68/><F64/><W87/><G96/><N who="2" m="36905" /><F68/><W55/><G2/><T78/><D103/><U45/><E106/><V80/><F129/><W102/><G102/><T1/><D28/><U9/><E123/><V109/><F109/><W128/><G128/><T107/><D107/><U42/><E122/><V97/><N who="2" m="36913" /><V116/><DORA hai="135" /><F116/><W6/><G67/><T20/><D20/><U40/><E65/><V50/><F50/><W70/><G70/><T34/><D34/><U83/><E83/><V66/><F66/><W101/><G101/><T125/><D125/><U25/><E30/><V117/><F117/><W120/><G120/><T92/><D92/><U14/><E14/><V52/><F52/><W5/><G104/><T108/><D108/><U95/><E95/><V119/><F119/><W132/><G132/><T8/><REACH who="0" step="1"/><D43/><REACH who="0" ten="223,215,205,347" step="2"/><U63/><E42/><V121/><F121/><W71/><G71/><T31/><D31/><U21/><E21/><V93/><F93/><W118/><G118/><T46/><D46/><U130/><E130/><V61/><F10/><W23/><G105/><T127/><D127/><U79/><E45/><V24/><F112/><W77/><G11/><T90/><D90/><U32/><E40/><V134/><F115/><N who="1" m="44041" /><E32/><V51/><F134/><W44/><G23/><T29/><D29/><U18/><E79/><V94/><F94/><W74/><G77/><RYUUKYOKU ba="0,1" sc="223,15,215,15,205,-15,347,-15" hai0="1,7,8,15,19,22,58,62,72,73,75,76,78" hai1="9,12,18,25,26,27,54,56,60,63" /><INIT seed="5,1,1,4,3,103" ten="238,230,190,332" oya="1" hai0="106,95,24,59,93,60,52,31,51,39,99,61,15" hai1="96,121,105,50,107,82,47,25,66,57,45,79,75" hai2="101,62,125,42,133,5,22,27,12,69,1,34,71" hai3="98,19,8,63,80,17,131,72,118,84,56,90,55"/><U30/><E121/><V6/><F34/><W41/><G131/><T89/><D39/><U38/><E96/><V108/><F108/><W115/><G115/><T3/><D3/><U18/><E18/><V77/><F1/><W124/><G124/><T10/><D95/><U76/><E76/><V122/><F122/><W92/><G72/><T67/><D106/><U46/><E38/><V32/><F32/><W4/><G41/><T2/><D2/><U126/><E126/><V74/><F125/><W86/><G118/><T26/><D31/><U109/><E109/><V68/><F133/><W132/><G132/><T83/><D83/><U64/><E64/><V129/><F129/><W35/><G35/><T135/><D135/><U14/><E14/><V128/><F128/><W11/><G84/><T53/><D53/><U54/><REACH who="1" step="1"/><E66/><REACH who="1" ten="238,220,190,332" step="2"/><V29/><F77/><N who="3" m="46351" /><G4/><N who="0" m="3527" /><D61/><U28/><E28/><V111/><F29/><W40/><G19/><T130/><D130/><U94/><E94/><V116/><F111/><W23/><G40/><T73/><D73/><U43/><E43/><V85/><F6/><W33/><G33/><AGARI ba="1,2" hai="25,30,33,45,46,47,50,54,57,75,79,82,105,107" machi="33" ten="40,7700,0" yaku="1,1,52,2,53,0" doraHai="103" doraHaiUra="117" who="1" fromWho="3" sc="238,0,220,100,190,0,332,-80" /><INIT seed="5,2,0,3,5,77" ten="238,320,190,252" oya="1" hai0="11,76,134,71,83,9,88,63,86,41,133,55,30" hai1="34,28,111,118,74,57,65,130,108,1,94,26,17" hai2="129,19,36,29,54,123,48,49,4,135,31,20,38" hai3="59,131,93,51,6,96,92,21,53,2,132,58,80"/><U107/><E118/><V14/><F123/><W106/><G106/><T91/><D41/><U125/><E107/><V109/><F109/><N who="1" m="42057" /><E74/><V124/><F124/><W12/><G131/><T61/><D30/><U117/><E117/><V113/><F135/><N who="0" m="51722" /><D63/><N who="1" m="38127" /><E1/><V64/><F129/><W47/><G132/><T24/><D24/><U16/><E130/><V10/><F113/><W50/><G2/><T78/><D78/><U37/><E125/><V62/><F38/><W98/><G6/><T46/><D46/><U121/><E121/><V89/><F36/><W43/><G12/><T102/><D102/><U112/><E112/><V45/><F49/><W122/><G21/><T75/><D55/><U5/><E5/><V128/><F128/><W87/><G59/><T39/><D39/><U60/><E37/><V22/><F89/><N who="0" m="34378" /><D75/><U120/><E120/><V0/><REACH who="2" step="1"/><F20/><REACH who="2" ten="238,320,180,252" step="2"/><W56/><G122/><T8/><D61/><U15/><E60/><V13/><F13/><W127/><G127/><T42/><D42/><U18/><E94/><N who="3" m="36458" /><G58/><AGARI ba="2,1" hai="0,4,10,14,19,22,29,31,45,48,54,58,62,64" machi="58" ten="30,3900,0" yaku="1,1,7,1,53,1" doraHai="77" doraHaiUra="40" who="2" fromWho="3" sc="238,0,320,0,180,55,252,-45" /><INIT seed="6,0,0,1,5,57" ten="238,320,235,207" oya="2" hai0="31,61,70,102,134,52,97,107,58,56,26,92,67" hai1="96,48,98,16,1,133,65,10,121,24,83,103,81" hai2="104,122,27,94,123,5,7,23,80,69,124,85,38" hai3="106,22,126,63,39,46,51,29,88,18,84,45,66"/><V72/><F104/><W15/><G106/><T132/><D92/><U82/><E121/><V14/><F38/><W34/><G126/><T116/><D116/><U71/><E133/><V2/><F2/><W47/><G39/><T90/><D90/><U4/><E48/><V129/><F69/><W12/><G34/><T125/><D125/><U19/><E24/><V100/><F124/><W3/><G3/><T60/><REACH who="0" step="1"/><D58/><REACH who="0" ten="228,320,235,207" step="2"/><U108/><E71/><V42/><F94/><N who="3" m="54535" /><G29/><T99/><D99/><U127/><E98/><V101/><F123/><W87/><G87/><T131/><D131/><U0/><E96/><V6/><F122/><W110/><G110/><T118/><D118/><U86/><E108/><V17/><F129/><W55/><G12/><T8/><D8/><U73/><E127/><V115/><F85/><W77/><G77/><T114/><D114/><U32/><E86/><V91/><F115/><W135/><G135/><T112/><D112/><U13/><E13/><V76/><F91/><W64/><G64/><T20/><AGARI ba="0,1" hai="20,26,31,52,56,60,61,67,70,97,102,107,132,134" machi="20" ten="30,8000,1" yaku="1,1,0,1,52,2,54,1,53,0" doraHai="57" doraHaiUra="37" who="0" fromWho="0" sc="228,90,320,-20,235,-40,207,-20" /><INIT seed="7,0,0,4,4,20" ten="318,300,195,187" oya="3" hai0="75,42,59,100,114,88,1,126,2,12,70,83,47" hai1="71,119,29,7,82,48,67,36,77,13,14,3,115" hai2="96,117,109,58,122,8,106,63,99,92,19,26,101" hai3="15,22,54,124,74,87,135,123,91,72,40,21,93"/><W25/><G123/><T50/><D70/><U35/><E119/><V34/><F109/><W0/><G0/><T84/><D114/><U107/><E107/><V5/><F117/><W43/><G135/><T80/><D126/><U78/><E36/><V52/><F122/><W10/><G124/><T38/><D100/><U31/><E115/><V41/><F41/><W129/><G129/><T16/><D75/><U62/><E3/><V81/><F81/><W18/><G72/><T53/><D80/><U30/><E35/><V17/><F34/><W104/><G74/><T134/><D134/><U4/><E48/><V76/><F76/><W6/><G104/><T121/><D121/><U120/><E120/><V60/><F60/><W64/><G64/><T98/><D98/><U9/><E82/><V95/><F26/><N who="3" m="14647" /><G54/><T105/><D105/><U111/><BYE who="0" /><E111/><V57/><F57/><W27/><G27/><T89/><D89/><U39/><E39/><V118/><F118/><W86/><G86/><T125/><D125/><U131/><E131/><V90/><F106/><W69/><G69/><T51/><D51/><U32/><E32/><V132/><F132/><W28/><AGARI ba="0,0" hai="6,10,15,22,25,28,40,43,87,91,93" m="14647" machi="28" ten="30,6000,0" yaku="8,1,52,2" doraHai="20" who="3" fromWho="3" sc="318,-20,300,-20,195,-20,187,60" /><UN n0="%E3%88%B2%E5%A4%A7%E5%8D%9A%E6%89%93" /><INIT seed="7,1,0,4,1,103" ten="298,280,175,247" oya="3" hai0="46,43,48,118,124,129,123,133,70,1,42,116,95" hai1="11,20,24,33,132,99,3,108,39,106,113,17,61" hai2="35,59,131,92,105,74,115,41,37,79,58,93,36" hai3="2,97,135,84,38,14,4,94,78,111,107,72,82"/><W19/><G38/><T55/><D1/><U134/><E39/><V52/><F35/><W10/><G135/><N who="1" m="51754" /><E108/><V121/><F115/><W88/><G111/><T128/><D133/><U26/><E113/><V98/><F131/><N who="0" m="50250" /><D124/><U45/><E45/><V87/><F121/><W15/><G19/><T76/><D123/><U18/><E61/><V102/><F59/><W101/><AGARI ba="1,0" hai="2,4,10,14,15,72,78,82,84,88,94,97,101,107" machi="101" ten="30,12000,1" yaku="0,1,24,2,52,1,54,1" doraHai="103" who="3" fromWho="3" sc="298,-41,280,-41,175,-41,247,123" owari="257,6.0,239,-16.0,134,-37.0,370,47.0" /></mjloggm>