<mjloggm ver="2.3"><GO type="169" lobby="0"/><UN n0="%E3%81%B5%E3%82%8B%E3%81%A4%E3%81%B1%E3%81%82" n1="%E3%81%94%E3%82%8A%E3%81%94%E3%82%8A%E3%81%94%E3%82%8A%E3%82%89" n2="%E3%83%A2%E3%83%AD%E3%83%98%E3%82%A4%E3%83%A4" n3="%E3%81%B5%E3%81%BF%4B%55%4E" dan="16,17,16,16" rate="2064.20,2170.07,2060.52,2082.32" sx="M,M,M,M"/><TAIKYOKU oya="0"/><INIT seed="0,0,0,2,3,57" ten="250,250,250,250" oya="0" hai0="92,84,115,73,6,2,15,71,8,7,89,79,25" hai1="75,83,117,133,80,82,132,98,45,3,43,101,102" hai2="22,27,30,109,68,19,116,5,58,103,134,76,93" hai3="123,20,99,77,14,51,100,54,106,34,63,38,67"/><T104/><D115/><U124/><E3/><V44/><F68/><W95/><G38/><T17/><D71/><U35/><E35/><V9/><F109/><W16/><G34/><T107/><D73/><U131/><E43/><V62/><F134/><N who="1" m="51817" /><E45/><V130/><F130/><W72/><G123/><T111/><D79/><N who="1" m="44159" /><E131/><V52/><F76/><W33/><G33/><T97/><D111/><U56/><E56/><V47/><F116/><W46/><G72/><T96/><D25/><U108/><E117/><V0/><F103/><N who="1" m="39433" /><E108/><V128/><F128/><W120/><G120/><T1/><D1/><U11/><E11/><V37/><F37/><W114/><G114/><T60/><D60/><U66/><E66/><V40/><F40/><W94/><REACH who="3" step="1"/><G77/><REACH who="3" ten="250,250,250,240" step="2"/><T13/><D7/><U55/><E124/><V49/><F5/><W69/><AGARI ba="0,1" hai="14,16,20,46,51,54,63,67,69,94,95,99,100,106" machi="69" ten="20,16000,3" yaku="1,1,2,1,0,1,7,1,52,1,54,1,53,2" doraHai="57" doraHaiUra="91" who="3" fromWho="3" sc="250,-80,250,-40,250,-40,240,170" /><INIT seed="1,0,0,2,4,85" ten="170,210,210,410" oya="1" hai0="26,3,62,15,35,68,122,128,65,36,49,6,7" hai1="59,45,118,100,17,50,110,126,21,63,39,91,9" hai2="87,130,109,67,102,46,73,22,99,28,80,101,37" hai3="54,18,78,98,10,51,69,31,93,133,58,129,72"/><U47/><E118/><V5/><F73/><W2/><G69/><T27/><D122/><U97/><E126/><V119/><F119/><W32/><G129/><T77/><D128/><U19/><E39/><V74/><F74/><W81/><G133/><T105/><D36/><U38/><E38/><V132/><F130/><W1/><G31/><T61/><D105/><U134/><E134/><V76/><F132/><W64/><G32/><T106/><D106/><U4/><E110/><V90/><F109/><W57/><G64/><T88/><D77/><U0/><E50/><V48/><F37/><W104/><G104/><T71/><D49/><U20/><E20/><V42/><F67/><W123/><G123/><T116/><D15/><U94/><E100/><V53/><F53/><W8/><G57/><T34/><D65/><U125/><E125/><V11/><F22/><W79/><G79/><T111/><D111/><U24/><E19/><V43/><F28/><W127/><G127/><T92/><D92/><U96/><E96/><V30/><F30/><W29/><G29/><T44/><D44/><U113/><E113/><V33/><F33/><W86/><G72/><T66/><D66/><AGARI ba="0,0" hai="0,4,9,17,21,24,45,47,59,63,66,91,94,97" machi="66" ten="30,2900,0" yaku="7,1,52,1" doraHai="85" who="1" fromWho="0" sc="170,-29,210,29,210,0,410,0" /><INIT seed="1,1,0,1,2,105" ten="141,239,210,410" oya="1" hai0="96,64,91,125,101,69,89,81,16,35,129,62,55" hai1="121,87,28,71,70,109,92,66,26,59,83,10,23" hai2="128,113,1,103,34,99,122,45,49,30,119,126,36" hai3="0,60,44,15,134,135,77,65,67,47,48,31,2"/><U111/><E121/><V24/><F1/><W50/><G31/><T115/><D129/><U13/><E92/><V124/><F122/><W18/><G77/><T97/><D125/><U73/><E59/><V117/><F128/><W132/><G18/><T98/><D115/><U95/><E95/><V39/><F113/><W56/><G15/><T76/><D101/><U104/><E104/><N who="2" m="63615" /><F49/><N who="3" m="19051" /><G2/><T127/><D127/><N who="2" m="48682" /><F45/><N who="3" m="17483" /><G0/><T53/><D35/><U25/><E25/><V43/><F43/><W79/><G79/><T120/><D120/><U37/><E37/><AGARI ba="1,0" hai="24,30,34,36,37,39,117,119" m="48682,63615" machi="37" ten="30,2000,0" yaku="18,1,23,1" doraHai="105" who="2" fromWho="1" sc="141,0,239,-23,210,23,410,0" /><INIT seed="2,0,0,2,5,41" ten="141,216,233,410" oya="2" hai0="62,130,43,97,25,68,110,99,102,90,45,111,131" hai1="23,54,91,37,49,39,9,29,70,87,75,108,134" hai2="101,115,126,113,117,47,15,64,18,93,72,10,17" hai3="65,30,66,78,40,85,105,123,24,1,124,58,132"/><V32/><F32/><W7/><G123/><T76/><D76/><U27/><E75/><V118/><F72/><W74/><G74/><T114/><D114/><U77/><E108/><N who="0" m="41513" /><D90/><U50/><E70/><V112/><F64/><W63/><G105/><N who="0" m="63695" /><D25/><U125/><E134/><V48/><F126/><W61/><G124/><T73/><D99/><U31/><E125/><V4/><F93/><W122/><G1/><T28/><D28/><U26/><E77/><V3/><F101/><W128/><G7/><T83/><D83/><U42/><E9/><V38/><F38/><W67/><G128/><N who="0" m="49195" /><D73/><U60/><E60/><V100/><F100/><W69/><G78/><T84/><D84/><U135/><E26/><V103/><F103/><W51/><G63/><T86/><D86/><U13/><E29/><V133/><F133/><W33/><G85/><T109/><N who="0" m="41521" /><T12/><DORA hai="6" /><D12/><U0/><E135/><V14/><F3/><W36/><G132/><T5/><D5/><U129/><E87/><V2/><F2/><W107/><G107/><T82/><D82/><U80/><E91/><V8/><F4/><W11/><G24/><T52/><D52/><AGARI ba="0,0" hai="8,10,14,15,17,18,47,48,52,112,113,115,117,118" machi="52" ten="40,12000,1" yaku="9,1,52,3,54,1" doraHai="41,6" who="2" fromWho="0" sc="141,-120,216,0,233,120,410,0" /><INIT seed="2,1,0,4,1,111" ten="21,216,353,410" oya="2" hai0="110,41,32,92,14,27,19,34,66,98,91,40,99" hai1="71,122,128,100,50,117,120,18,70,37,106,105,116" hai2="7,123,47,129,6,121,31,68,85,60,118,96,67" hai3="72,76,119,94,127,53,87,115,13,52,103,131,20"/><V134/><F118/><N who="1" m="45673" /><E50/><V2/><F134/><W74/><G119/><T102/><D110/><U45/><E18/><V3/><F129/><W10/><G131/><T86/><D66/><U26/><E26/><V82/><F31/><W22/><G127/><T35/><D27/><U48/><E48/><V54/><F96/><W56/><G115/><T28/><D28/><U130/><E100/><V39/><F54/><W16/><G53/><T51/><D51/><U133/><E133/><V43/><F7/><W64/><G64/><T107/><REACH who="0" step="1"/><D99/><REACH who="0" ten="11,216,353,410" step="2"/><U124/><E124/><V69/><F69/><N who="1" m="26121" /><E37/><V97/><F97/><W81/><G74/><T112/><D112/><U44/><E130/><V21/><F39/><W93/><G72/><T55/><D55/><U109/><E128/><V126/><F68/><W77/><G103/><T88/><D88/><U0/><E109/><V75/><F67/><W63/><G77/><T38/><D38/><U101/><E101/><V113/><F113/><W17/><G10/><AGARI ba="1,1" hai="10,14,19,32,34,35,40,41,86,91,92,98,102,107" machi="10" ten="40,1300,0" yaku="1,1,53,0" doraHai="111" doraHaiUra="135" who="0" fromWho="3" sc="11,26,216,0,353,0,410,-16" /><INIT seed="3,0,0,4,5,83" ten="37,216,353,394" oya="3" hai0="22,110,49,103,66,0,56,40,39,13,126,123,119" hai1="85,4,59,62,89,19,88,93,102,114,5,35,61" hai2="64,79,101,100,113,51,91,80,105,81,29,63,38" hai3="69,8,41,109,30,115,10,117,28,112,116,73,132"/><W16/><G69/><T106/><D119/><N who="3" m="45641" /><G73/><T2/><D123/><U131/><E35/><V130/><F38/><W43/><G132/><T77/><D110/><U20/><E131/><V42/><F113/><N who="3" m="43595" /><G109/><T3/><D77/><U129/><E114/><V74/><F130/><W34/><G34/><T54/><D103/><U111/><E102/><V108/><F108/><W122/><G122/><T134/><D106/><U128/><E111/><V75/><F29/><N who="3" m="11371" /><G16/><T26/><D134/><U12/><E129/><V50/><F105/><W121/><G121/><T18/><D39/><U65/><E128/><V125/><F100/><W95/><G95/><T25/><D40/><AGARI ba="0,0" hai="8,10,40,41,43" m="11371,43595,45641" machi="40" ten="40,3900,0" yaku="28,2" doraHai="83" who="3" fromWho="0" sc="37,-39,216,0,353,0,394,39" owari="-2,-50.0,216,-18.0,353,15.0,433,53.0" /></mjloggm>