<mjloggm ver="2.3"><GO type="169" lobby="0"/><UN n0="%3D%E3%81%84%E3%82%8D%E3%81%AF%3D" n1="%E6%A9%8B%E5%A0%B4" n2="%E4%BA%AC%E9%83%BD%E3%83%9A%E3%83%B3%E3%82%AE%E3%83%B3" n3="%41%79%6F%75%46" dan="16,17,16,17" rate="2089.95,2107.73,2099.62,2197.88" sx="M,M,M,M"/><TAIKYOKU oya="0"/><INIT seed="0,0,0,5,5,17" ten="250,250,250,250" oya="0" hai0="123,89,48,124,87,45,31,39,77,38,120,50,67" hai1="90,131,35,29,49,115,92,107,6,84,134,24,78" hai2="126,100,133,26,3,91,14,70,36,135,19,63,0" hai3="95,96,53,98,68,28,118,40,83,62,111,20,66"/><T109/><D77/><U113/><E107/><V16/><F36/><W64/><G118/><T27/><D124/><U10/><E131/><V13/><F126/><W110/><G40/><T56/><D109/><U125/><E125/><V119/><F100/><W33/><G33/><T11/><D11/><U5/><E134/><N who="2" m="51211" /><F119/><W7/><G7/><T128/><D128/><U25/><E25/><V69/><F91/><W116/><G116/><T21/><D38/><U41/><E78/><V85/><F85/><W47/><G66/><T55/><D39/><U105/><E105/><V129/><F26/><N who="3" m="16455" /><G83/><T57/><D67/><U54/><E41/><V132/><F132/><W106/><G106/><T61/><D57/><U97/><E84/><V81/><F81/><W30/><G30/><T122/><REACH who="0" step="1"/><D45/><REACH who="0" ten="240,250,250,250" step="2"/><N who="1" m="27951" /><E10/><N who="2" m="6199" /><F129/><W59/><G47/><T37/><D37/><U22/><E35/><V58/><F70/><W86/><G68/><T12/><D12/><U4/><E113/><V32/><F32/><W94/><G64/><T18/><D18/><N who="1" m="12375" /><E115/><V44/><F69/><W121/><G111/><T80/><AGARI ba="0,1" hai="21,27,31,48,50,55,56,61,80,87,89,120,122,123" machi="80" ten="30,6000,0" yaku="1,1,0,1,52,1,53,0" doraHai="17" doraHaiUra="9" who="0" fromWho="0" sc="240,70,250,-20,250,-20,250,-20" /><INIT seed="0,1,0,5,4,106" ten="310,230,230,230" oya="0" hai0="132,13,76,26,97,52,3,103,27,9,116,84,50" hai1="99,18,11,100,91,20,59,122,25,77,101,127,8" hai2="115,79,72,83,49,23,112,39,75,62,109,129,2" hai3="15,89,68,107,135,74,105,104,86,131,81,4,90"/><T70/><D116/><U19/><E122/><V34/><F109/><W66/><G68/><T29/><D3/><U65/><E127/><V123/><F123/><W87/><G66/><T14/><D70/><U46/><E77/><V124/><F124/><W44/><G44/><T108/><D108/><U121/><E121/><V78/><F2/><W53/><G53/><T47/><D132/><U120/><E120/><V40/><F49/><W55/><G55/><T119/><D119/><U111/><E111/><V125/><F125/><W82/><G135/><T61/><D61/><N who="1" m="38079" /><E46/><N who="2" m="23839" /><F23/><W63/><G63/><T102/><D29/><U42/><E42/><V10/><F10/><N who="1" m="3625" /><E19/><V6/><F6/><W95/><G15/><T58/><D47/><U88/><E99/><V38/><F38/><W30/><G30/><T22/><D97/><U45/><E45/><V128/><F34/><W94/><G4/><N who="0" m="3239" /><D14/><U43/><E43/><V31/><F31/><W93/><G131/><N who="2" m="50249" /><F62/><W110/><G110/><T57/><D22/><U133/><E133/><V28/><F28/><W69/><G69/><T54/><D26/><U126/><E126/><V1/><F1/><W48/><G48/><N who="0" m="30919" /><D27/><U24/><E25/><V56/><F56/><W73/><AGARI ba="1,0" hai="73,74,81,82,86,87,89,90,93,94,95,104,105,107" machi="73" ten="40,16000,3" yaku="0,1,9,1,35,6,52,2" doraHai="106" who="3" fromWho="3" sc="310,-81,230,-41,230,-41,230,163" /><INIT seed="1,0,0,2,4,41" ten="229,189,189,393" oya="1" hai0="134,5,34,46,133,130,90,113,67,78,117,95,12" hai1="68,57,52,84,73,35,71,88,92,42,31,60,9" hai2="49,59,83,105,28,116,44,55,29,135,11,129,26" hai3="102,43,72,89,109,16,64,119,93,48,100,69,81"/><U127/><E73/><V106/><F116/><W91/><G119/><T22/><D117/><U45/><E127/><V58/><F135/><W122/><G122/><T80/><D34/><U111/><E111/><V7/><F129/><W13/><G109/><T76/><D113/><U108/><E108/><V56/><F83/><W33/><G33/><T65/><D130/><U2/><E2/><V20/><REACH who="2" step="1"/><F29/><REACH who="2" ten="229,189,179,393" step="2"/><W115/><G115/><T82/><D82/><U10/><E31/><V121/><F121/><W118/><G118/><T123/><D80/><U128/><E128/><V51/><F51/><W3/><G72/><T99/><D123/><U18/><E35/><V96/><F96/><W103/><G81/><T125/><D134/><U124/><E124/><V24/><F24/><W94/><G48/><T15/><D125/><U54/><E54/><V114/><F114/><W62/><G43/><T0/><D99/><U85/><E85/><V126/><F126/><W37/><G37/><T27/><D27/><U14/><E10/><V70/><F70/><W101/><G69/><T77/><D133/><U6/><E6/><V8/><F8/><W23/><G23/><T79/><D22/><U120/><E120/><V110/><F110/><W47/><G64/><T25/><D77/><U61/><E60/><V112/><F112/><W63/><G62/><T19/><D76/><U66/><E66/><V38/><F38/><AGARI ba="0,1" hai="9,14,18,38,42,45,52,57,61,68,71,84,88,92" machi="38" ten="30,11600,0" yaku="7,1,52,1,54,2" doraHai="41" who="1" fromWho="2" sc="229,0,189,126,179,-116,393,0" /><INIT seed="1,1,0,1,0,76" ten="229,315,63,393" oya="1" hai0="125,14,97,1,114,8,99,38,111,2,123,92,29" hai1="132,6,16,134,117,116,50,58,94,54,51,7,130" hai2="52,68,34,101,5,28,90,67,20,124,86,13,113" hai3="27,93,96,43,39,46,26,59,56,44,61,0,87"/><U49/><E130/><V66/><F113/><W79/><G0/><T21/><D114/><U106/><E106/><V15/><F124/><W18/><G46/><T74/><D38/><U104/><E104/><V119/><F119/><N who="1" m="45641" /><E94/><V53/><F101/><W63/><G18/><T75/><D125/><U108/><E108/><V109/><F109/><W122/><G122/><T118/><D118/><U4/><E16/><N who="2" m="10255" /><F34/><W120/><G120/><T112/><D112/><U100/><E100/><V10/><F28/><W42/><G42/><T23/><D123/><U103/><E103/><V82/><F68/><W121/><G121/><T57/><D111/><U85/><E85/><V64/><AGARI ba="1,0" hai="5,10,15,52,53,64,66,67,82,86,90" m="10255" machi="64" ten="30,7900,0" yaku="8,1,52,1,54,2" doraHai="76" who="2" fromWho="2" sc="229,-21,315,-40,63,82,393,-21" /><INIT seed="2,0,0,0,2,74" ten="208,275,145,372" oya="2" hai0="17,89,34,71,53,5,88,106,35,79,99,52,69" hai1="92,57,101,110,134,105,54,121,6,83,108,26,30" hai2="2,119,78,125,114,33,73,37,115,82,31,102,32" hai3="61,25,90,95,87,40,118,38,103,123,72,51,39"/><V126/><F119/><W68/><G118/><T58/><D5/><U133/><E105/><V130/><F2/><W122/><G51/><T132/><D106/><U62/><E6/><V12/><F102/><W70/><G72/><T56/><D17/><U36/><E36/><V20/><F37/><W0/><G0/><T29/><D99/><N who="1" m="59623" /><E83/><V43/><F43/><W4/><G4/><T85/><D85/><U135/><E121/><V112/><F130/><W22/><G39/><T42/><D42/><U84/><E84/><V47/><F47/><W13/><G13/><T63/><D132/><U60/><E60/><V18/><REACH who="2" step="1"/><F31/><REACH who="2" ten="208,275,135,372" step="2"/><W64/><G103/><T50/><D29/><U80/><E30/><V9/><F9/><W113/><G40/><T11/><D11/><U23/><E134/><V27/><F27/><W49/><G38/><T120/><D120/><U65/><E133/><V129/><F129/><W28/><G122/><T96/><D96/><U124/><E135/><V75/><F75/><W44/><G123/><T19/><D19/><U15/><E26/><V100/><F100/><W127/><G25/><T116/><D116/><U67/><E15/><V7/><F7/><W21/><G28/><T48/><D63/><U77/><E62/><V104/><F104/><W111/><G61/><T117/><D117/><U24/><E24/><V14/><F14/><W81/><G44/><T41/><D41/><U86/><E86/><V93/><F93/><W97/><G95/><T66/><D66/><U10/><E65/><V59/><F59/><W46/><G64/><T45/><D45/><RYUUKYOKU ba="0,1" sc="208,15,275,-15,135,15,372,-15" hai0="34,35,48,50,52,53,56,58,69,71,79,88,89" hai2="12,18,20,32,33,73,78,82,112,114,115,125,126" /><INIT seed="2,1,1,5,3,13" ten="223,260,150,357" oya="2" hai0="109,122,71,37,83,75,106,6,48,30,33,111,118" hai1="36,67,44,38,64,134,14,110,7,53,124,0,39" hai2="26,70,120,85,97,12,68,52,130,47,1,79,63" hai3="72,108,49,4,23,2,107,22,18,127,15,46,55"/><V59/><F1/><W5/><G107/><T125/><RYUUKYOKU type="yao9" ba="1,1" sc="223,0,260,0,150,0,357,0" hai0="6,30,33,37,48,71,75,83,106,109,111,118,122,125" /><INIT seed="2,2,1,1,5,53" ten="223,260,150,357" oya="2" hai0="129,114,96,100,41,57,56,21,20,47,120,30,60" hai1="14,71,75,77,7,80,112,123,63,125,25,113,66" hai2="50,58,26,32,5,72,134,81,37,108,35,116,61" hai3="43,67,28,17,3,69,79,68,98,46,93,85,22"/><V12/><F116/><W33/><G3/><T51/><D120/><U65/><E123/><V82/><F37/><W89/><G28/><T76/><D114/><U64/><E125/><V18/><F134/><W36/><G33/><T127/><D127/><U0/><E14/><V9/><F108/><W115/><G115/><T101/><D129/><U86/><E65/><V48/><F72/><W49/><G36/><T106/><D76/><U13/><E13/><V73/><F73/><W16/><G67/><T52/><D30/><U45/><E86/><V122/><F122/><W54/><G43/><T130/><D130/><U44/><E44/><V23/><F35/><W121/><G121/><T90/><D101/><U102/><E102/><V109/><F109/><W70/><REACH who="3" step="1"/><G22/><REACH who="3" ten="223,260,150,347" step="2"/><T87/><REACH who="0" step="1"/><D57/><REACH who="0" ten="213,260,150,347" step="2"/><U74/><E112/><V92/><F32/><W15/><G15/><T4/><D4/><U132/><E7/><V126/><F126/><W84/><G84/><T1/><D1/><U42/><E0/><V99/><F81/><AGARI ba="2,3" hai="16,17,46,49,54,68,69,70,79,81,85,89,93,98" machi="81" ten="40,2600,0" yaku="1,1,54,1,53,0" doraHai="53" doraHaiUra="8" who="3" fromWho="2" sc="213,0,260,0,150,-32,347,62" /><AGARI ba="2,0" hai="20,21,41,47,51,52,56,60,81,87,90,96,100,106" machi="81" ten="30,7700,0" yaku="1,1,7,1,52,1,54,1,53,0" doraHai="53" doraHaiUra="8" who="0" fromWho="2" sc="213,77,260,0,118,-77,409,0" /><INIT seed="3,0,0,0,5,123" ten="290,260,41,409" oya="3" hai0="129,0,73,87,98,135,58,62,54,40,119,47,122" hai1="125,117,72,108,19,30,69,10,35,120,32,14,18" hai2="2,64,104,88,94,118,65,81,95,93,38,124,67" hai3="53,48,121,57,113,45,107,28,86,50,79,16,41"/><W76/><G107/><T126/><D122/><U109/><E69/><V114/><F104/><W34/><G121/><T131/><D119/><U96/><E120/><V8/><F118/><W17/><G113/><T102/><D73/><U105/><E117/><V20/><F114/><W61/><G34/><N who="1" m="12842" /><E72/><V63/><F38/><W52/><G28/><T42/><D126/><U130/><E96/><V111/><F111/><N who="1" m="42569" /><E105/><V27/><F124/><W39/><G39/><T23/><D0/><U29/><E125/><V128/><F128/><N who="0" m="49226" /><D135/><U82/><E130/><V12/><F2/><W83/><G76/><T90/><D47/><AGARI ba="0,0" hai="16,17,41,45,47,48,50,52,53,57,61,79,83,86" machi="47" ten="30,11600,0" yaku="7,1,8,1,54,2" doraHai="123" who="3" fromWho="0" sc="290,-116,260,0,41,0,409,116" /><INIT seed="3,1,0,5,2,129" ten="174,260,41,525" oya="3" hai0="13,33,125,3,71,128,32,18,70,121,51,124,100" hai1="108,74,84,8,47,134,30,114,42,89,29,17,5" hai2="36,68,72,98,119,135,102,75,85,80,131,112,53" hai3="126,95,110,111,27,37,55,127,12,14,107,77,44"/><W46/><G107/><T87/><D3/><U59/><E114/><V122/><F68/><W120/><G120/><T52/><D121/><U10/><E74/><V88/><F36/><W7/><G77/><T31/><D100/><U76/><E108/><N who="3" m="41514" /><G37/><T104/><D104/><U16/><E76/><V63/><F122/><W22/><G95/><T115/><D115/><U109/><E109/><V15/><F112/><W106/><G106/><T90/><D128/><U60/><E134/><V6/><F131/><W73/><G73/><T78/><D78/><U35/><E35/><V65/><F119/><W97/><G97/><T69/><D31/><U19/><E29/><V21/><F135/><W133/><G133/><T61/><D61/><U43/><E30/><V92/><F53/><W28/><G55/><T2/><D2/><U39/><E43/><V96/><F96/><W118/><G118/><T116/><D116/><U86/><E5/><V132/><F132/><W105/><G105/><T34/><D87/><U94/><REACH who="1" step="1"/><E86/><REACH who="1" ten="174,250,41,525" step="2"/><V0/><F6/><W91/><G7/><T11/><REACH who="0" step="1"/><D90/><REACH who="0" ten="164,250,41,525" step="2"/><U64/><AGARI ba="1,2" hai="8,10,16,17,19,39,42,47,59,60,64,84,89,94" machi="64" ten="30,8000,1" yaku="1,1,2,1,0,1,54,1,53,1" doraHai="129" doraHaiUra="81" who="1" fromWho="1" sc="164,-21,250,103,41,-21,525,-41" /><INIT seed="4,0,0,2,3,59" ten="143,353,20,484" oya="0" hai0="99,71,62,5,85,125,8,13,74,40,121,7,12" hai1="28,78,128,54,70,51,127,6,105,29,50,10,75" hai2="36,18,117,103,39,4,68,118,23,27,106,101,96" hai3="89,110,120,73,129,93,48,0,44,21,20,116,25"/><T123/><D74/><U65/><E105/><V84/><F68/><W46/><G110/><T49/><D125/><U88/><E127/><V81/><F4/><W130/><G0/><T112/><D112/><U31/><E75/><V41/><F41/><W22/><G73/><T131/><D131/><N who="3" m="50185" /><G116/><T53/><D85/><U107/><E78/><V113/><F113/><W58/><G120/><T56/><D99/><U119/><E107/><V100/><F103/><W98/><G58/><T24/><D24/><U126/><E128/><V79/><REACH who="2" step="1"/><F101/><REACH who="2" ten="143,353,10,484" step="2"/><W47/><G25/><T19/><D40/><AGARI ba="0,1" hai="20,21,22,40,44,46,47,48,89,93,98" m="50185" machi="40" ten="30,1000,0" yaku="19,1" doraHai="59" who="3" fromWho="0" sc="143,-10,353,0,10,0,484,20" /><INIT seed="5,0,0,0,1,74" ten="133,353,10,504" oya="1" hai0="81,20,55,119,91,21,30,22,46,13,28,27,24" hai1="39,120,94,63,61,51,43,2,99,100,72,112,128" hai2="89,60,134,44,29,97,3,86,41,48,64,76,1" hai3="8,87,11,131,102,75,6,18,38,92,34,57,4"/><U121/><E39/><V15/><F134/><W104/><G75/><T70/><D119/><U25/><E2/><V0/><F29/><W98/><G38/><T47/><D70/><U83/><E112/><V40/><F97/><W5/><G34/><T90/><D55/><U7/><E128/><V127/><F127/><W82/><G131/><T9/><D20/><U135/><E135/><V96/><F96/><W66/><G104/><T129/><D129/><U16/><E7/><V124/><F124/><W68/><G68/><T105/><D105/><U88/><E120/><V49/><F15/><W12/><G66/><T14/><D81/><U126/><E121/><V114/><F114/><W84/><G57/><T10/><AGARI ba="0,0" hai="9,10,13,14,21,22,24,27,28,30,46,47,90,91" machi="10" ten="25,6400,0" yaku="0,1,22,2,8,1" doraHai="74" who="0" fromWho="0" sc="133,64,353,-32,10,-16,504,-16" owari="197,-20.0,321,12.0,-6,-51.0,488,59.0" /></mjloggm>