<mjloggm ver="2.3"><GO type="169" lobby="0"/><UN n0="%62%6C%75%65%31" n1="%E6%9B%BF%E7%8E%89%E5%9B%BA%E9%BA%BA" n2="%4E%79%6D%70%68" n3="%E3%81%9F%E3%81%8C%E3%82%84%E3%81%99" dan="17,16,18,17" rate="2280.21,2067.14,2217.93,2225.74" sx="M,M,M,M"/><TAIKYOKU oya="0"/><INIT seed="0,0,0,5,2,91" ten="250,250,250,250" oya="0" hai0="65,78,93,110,87,36,42,70,76,3,26,31,81" hai1="13,101,74,63,69,29,96,83,114,85,107,98,12" hai2="71,17,82,4,120,111,43,92,49,18,90,6,109" hai3="100,127,118,57,54,25,130,108,77,103,135,117,89"/><T95/><D3/><U123/><E123/><V33/><F120/><W73/><G25/><T30/><D78/><U55/><E114/><V102/><F71/><W80/><G57/><T28/><D110/><U133/><E133/><V79/><F33/><W0/><G54/><T1/><D1/><U115/><E115/><V131/><F131/><W14/><G14/><T34/><D34/><U41/><E41/><V99/><F109/><W7/><G108/><T32/><D32/><U105/><E74/><V47/><F111/><W23/><G23/><T66/><D26/><U64/><E29/><V44/><F18/><W56/><G56/><T106/><D106/><U19/><E55/><V27/><F102/><N who="3" m="38955" /><G7/><T134/><D134/><U132/><E132/><V86/><REACH who="2" step="1"/><F47/><REACH who="2" ten="250,250,240,250" step="2"/><W129/><G135/><T20/><D20/><AGARI ba="0,1" hai="4,6,17,20,27,43,44,49,79,82,86,90,92,99" machi="20" ten="40,8000,1" yaku="1,1,2,1,8,1,52,1,53,1" doraHai="91" doraHaiUra="40" who="2" fromWho="0" sc="250,-80,250,0,240,90,250,0" /><INIT seed="1,0,0,3,3,47" ten="170,250,330,250" oya="1" hai0="104,69,24,97,80,36,57,26,96,94,55,0,42" hai1="21,67,51,15,113,103,56,128,116,122,89,114,63" hai2="23,54,93,62,45,3,61,38,39,17,84,30,31" hai3="81,101,48,71,65,58,107,60,32,132,41,66,127"/><U110/><E116/><V83/><F3/><W102/><G32/><T35/><D69/><U9/><E122/><V90/><F39/><W2/><G2/><T16/><D0/><U100/><E114/><V109/><F109/><W111/><G111/><T118/><D104/><U40/><E113/><V1/><F1/><W4/><G4/><T88/><D118/><U95/><E21/><V10/><F10/><W33/><G33/><T133/><D133/><U68/><E128/><V135/><F135/><W13/><G132/><T75/><D36/><U106/><E106/><V19/><F19/><W121/><G121/><T85/><D75/><U78/><E78/><V44/><F38/><W5/><G107/><T18/><D42/><U8/><E110/><V74/><F74/><W123/><G71/><T28/><D97/><U72/><E72/><V34/><F34/><W131/><G131/><T120/><D26/><U25/><E25/><V117/><F31/><W108/><G108/><T14/><D14/><U64/><E64/><V82/><F30/><W99/><G66/><T20/><D35/><U53/><E40/><V49/><F45/><N who="3" m="25647" /><G123/><T79/><REACH who="0" step="1"/><D120/><REACH who="0" ten="160,250,330,250" step="2"/><U119/><E119/><V98/><F117/><W7/><G13/><T52/><D52/><U105/><E105/><V59/><F98/><W126/><G99/><T86/><D86/><N who="1" m="52663" /><E15/><V92/><F84/><W70/><G70/><T134/><D134/><U6/><E9/><V73/><F73/><W12/><G12/><T37/><D37/><U130/><E130/><V91/><F23/><W46/><G65/><T22/><D22/><RYUUKYOKU ba="0,1" sc="160,15,250,15,330,-15,250,-15" hai0="16,18,20,24,28,55,57,79,80,85,88,94,96" hai1="6,8,51,53,56,63,67,68,100,103" /><INIT seed="1,1,1,4,0,33" ten="175,265,315,235" oya="1" hai0="51,105,67,132,98,61,90,1,66,94,120,111,124" hai1="116,113,133,114,56,134,69,87,64,91,62,23,74" hai2="30,28,89,85,102,12,4,86,37,11,14,40,121" hai3="107,3,130,7,39,83,20,126,123,81,60,43,65"/><U125/><E74/><V5/><F121/><W45/><G20/><T17/><D120/><U27/><E116/><V104/><F37/><W103/><G83/><T55/><D124/><U115/><E69/><V128/><F128/><W41/><G41/><T34/><D34/><U57/><E57/><V29/><F40/><W0/><G123/><T135/><D105/><U13/><E13/><V108/><F108/><W58/><G126/><T110/><D17/><U80/><REACH who="1" step="1"/><E125/><REACH who="1" ten="175,255,315,235" step="2"/><V36/><F12/><W48/><G48/><T38/><D38/><U72/><E72/><V129/><F14/><W59/><G59/><N who="0" m="33279" /><D1/><U101/><E101/><V25/><F102/><W42/><G58/><N who="0" m="37175" /><D67/><U8/><E8/><V26/><F11/><W92/><G65/><T63/><D63/><U50/><E50/><V100/><F100/><W70/><G103/><T44/><D44/><U99/><E99/><V6/><F36/><W31/><G45/><T9/><D9/><U76/><E76/><V2/><F2/><W118/><G60/><T82/><D82/><U71/><E71/><V79/><F79/><W112/><G81/><T16/><D16/><AGARI ba="1,2" hai="16,23,27,56,62,64,80,87,91,113,114,115,133,134" machi="16" ten="40,3900,0" yaku="1,1,54,1,53,0" doraHai="33" doraHaiUra="93" who="1" fromWho="0" sc="175,-42,255,62,315,0,235,0" /><INIT seed="1,2,0,2,3,72" ten="133,317,315,235" oya="1" hai0="48,81,85,89,47,30,4,129,65,49,104,92,117" hai1="131,115,58,31,125,109,107,69,42,60,9,53,96" hai2="123,28,27,35,61,1,70,57,73,95,59,98,93" hai3="13,29,108,10,119,2,22,134,126,37,23,97,0"/><U114/><E125/><V74/><F1/><W62/><G37/><T78/><D129/><U113/><E131/><V101/><F123/><W77/><G126/><T36/><D104/><U44/><E31/><V112/><F112/><W20/><G134/><T21/><D117/><U110/><E9/><V63/><F70/><W19/><G119/><T46/><D65/><N who="1" m="41127" /><E96/><V135/><F135/><W11/><G62/><T54/><D36/><N who="1" m="21575" /><E107/><V50/><F50/><AGARI ba="2,0" hai="50,53,58,109,110,113,114,115" m="21575,41127" machi="50" ten="40,7700,0" yaku="24,1,34,2" doraHai="72" who="1" fromWho="2" sc="133,0,317,83,315,-83,235,0" /><INIT seed="1,3,0,5,3,62" ten="133,400,232,235" oya="1" hai0="100,118,121,22,134,46,64,9,132,34,58,28,82" hai1="130,5,124,53,10,109,83,16,65,56,13,108,2" hai2="6,26,40,123,133,114,33,0,47,86,72,41,81" hai3="129,32,57,48,45,35,8,97,74,94,113,67,91"/><U117/><E117/><V71/><F123/><W50/><G74/><T112/><D34/><U69/><E124/><V106/><F106/><W37/><G129/><T11/><D118/><U119/><E119/><V30/><F114/><W89/><G113/><T102/><D112/><U93/><E130/><V68/><F133/><N who="0" m="51306" /><D82/><U101/><E83/><V18/><F18/><W43/><G8/><N who="0" m="3147" /><D46/><U15/><E15/><V126/><F126/><W63/><G89/><T115/><D115/><U85/><E2/><V127/><F41/><W66/><G32/><T135/><D121/><U88/><E101/><V95/><F95/><W84/><G35/><T78/><D78/><U125/><E125/><V116/><F116/><W51/><REACH who="3" step="1"/><G97/><REACH who="3" ten="133,400,232,225" step="2"/><T52/><D135/><U20/><E5/><V49/><F72/><W90/><G90/><T3/><D102/><U23/><E23/><V77/><F127/><W120/><G120/><T111/><D100/><U31/><E10/><V42/><F6/><W44/><G44/><T27/><D3/><U59/><E88/><V29/><F0/><W1/><G1/><T122/><D122/><U76/><E20/><V19/><F33/><W128/><G128/><T87/><D22/><U107/><E76/><V38/><F77/><W104/><G104/><T36/><D87/><U55/><E85/><V73/><F86/><W7/><G7/><T54/><D28/><U39/><E31/><V12/><F30/><W75/><G75/><T4/><D4/><U96/><E107/><V79/><F29/><W70/><G70/><T61/><D27/><U24/><E24/><RYUUKYOKU ba="3,1" sc="133,-10,400,-10,232,-10,225,30" hai3="37,43,45,48,50,51,57,63,66,67,84,91,94" /><INIT seed="2,4,1,2,0,117" ten="123,390,222,255" oya="2" hai0="88,69,77,37,85,7,14,78,86,22,54,57,91" hai1="129,94,111,130,41,126,2,55,19,62,27,132,90" hai2="75,101,17,125,98,123,72,96,15,70,13,30,71" hai3="52,63,29,5,12,9,49,24,95,99,32,83,107"/><V25/><F25/><BYE who="2" /><UN n2="%4E%79%6D%70%68" /><W11/><G107/><T122/><D69/><U103/><E2/><V100/><F17/><W113/><G113/><T59/><D37/><U6/><E6/><V65/><F65/><W133/><G133/><T114/><D114/><U21/><E132/><V135/><F135/><W39/><G39/><T92/><D122/><U50/><E111/><V8/><F125/><W134/><G134/><T82/><D59/><U34/><E126/><V76/><F76/><W53/><G83/><T89/><D89/><U58/><E103/><V108/><F108/><W31/><G31/><T3/><D3/><U47/><REACH who="1" step="1"/><E34/><REACH who="1" ten="123,380,222,255" step="2"/><V38/><F101/><W45/><G63/><T51/><REACH who="0" step="1"/><D7/><REACH who="0" ten="113,380,222,255" step="2"/><U128/><E128/><V64/><F100/><W115/><G115/><T127/><D127/><U112/><E112/><V119/><F119/><W68/><G5/><T40/><D40/><U23/><E23/><V33/><F33/><W46/><G32/><T20/><D20/><U44/><E44/><V81/><F71/><W28/><G46/><T79/><D79/><U118/><E118/><V109/><F70/><W104/><G45/><T116/><D116/><U66/><E66/><V120/><F64/><W105/><G68/><T35/><D35/><U42/><E42/><V87/><F109/><W16/><G9/><T60/><D60/><U124/><E124/><V1/><F8/><W106/><G11/><T26/><D26/><U84/><AGARI ba="4,3" hai="19,21,27,41,47,50,55,58,62,84,90,94,129,130" machi="84" ten="30,2000,0" yaku="1,1,0,1,53,0" doraHai="117" doraHaiUra="97" who="1" fromWho="1" sc="113,-9,380,62,222,-14,255,-9" /><INIT seed="3,0,0,1,3,1" ten="104,442,208,246" oya="3" hai0="17,125,23,132,24,130,11,57,90,14,131,41,83" hai1="46,104,5,135,25,45,40,47,65,54,21,91,106" hai2="30,75,19,101,52,22,61,77,42,55,113,71,39" hai3="10,0,16,29,95,110,85,74,117,89,38,88,33"/><W66/><G38/><T78/><D41/><U50/><E135/><V3/><F113/><W114/><G117/><T44/><D44/><U51/><E65/><V133/><F133/><W134/><G114/><T115/><D132/><U80/><E46/><V73/><F101/><W8/><G134/><T20/><D115/><U103/><E103/><V102/><F102/><W107/><G107/><T15/><D125/><U56/><E56/><V7/><F30/><W49/><G74/><T116/><D90/><U105/><E105/><V18/><F71/><W9/><G33/><T94/><D94/><U118/><E118/><V100/><F100/><W26/><G110/><T79/><D116/><U62/><E62/><V34/><F34/><W70/><G70/><T31/><D57/><U82/><E82/><N who="2" m="45359" /><F61/><W109/><G109/><T92/><D92/><U111/><E111/><V64/><F64/><W108/><G66/><T12/><D79/><U129/><E91/><V53/><F22/><N who="3" m="15575" /><G0/><T96/><D96/><U86/><E106/><V128/><F75/><W124/><G108/><T2/><D2/><U119/><E119/><V87/><F87/><N who="3" m="52639" /><G49/><T6/><REACH who="0" step="1"/><D12/><REACH who="0" ten="94,442,208,246" step="2"/><U97/><E104/><V93/><F3/><W43/><G43/><T36/><D36/><U126/><E40/><V13/><F42/><W98/><G98/><T48/><D48/><U123/><E51/><V68/><F39/><W32/><G124/><T127/><D127/><U58/><E126/><V35/><F93/><N who="3" m="54447" /><G32/><T122/><D122/><U37/><E37/><V67/><F35/><W28/><G28/><T120/><D120/><RYUUKYOKU ba="0,1" sc="94,15,442,-15,208,-15,246,15" hai0="6,11,14,15,17,20,23,24,31,78,83,130,131" hai3="8,9,10,16" /><INIT seed="3,1,1,2,5,106" ten="109,427,193,261" oya="3" hai0="127,22,43,25,36,81,111,60,120,27,119,82,1" hai1="68,113,135,132,30,64,123,11,32,12,62,44,72" hai2="63,92,79,29,95,128,10,133,5,93,20,3,34" hai3="116,129,2,53,39,24,130,41,6,28,7,35,105"/><W54/><G105/><T109/><D119/><U75/><E113/><V18/><F133/><N who="1" m="51273" /><E123/><V77/><F128/><N who="3" m="49259" /><G116/><T19/><D120/><U14/><E44/><V26/><REACH who="2" step="1"/><F63/><REACH who="2" ten="109,427,183,261" step="2"/><W70/><G70/><T8/><D127/><U33/><E30/><V83/><F83/><W13/><G2/><T110/><D60/><U40/><E40/><V4/><F4/><N who="3" m="1579" /><G13/><AGARI ba="1,2" hai="3,5,10,13,18,20,26,29,34,77,79,92,93,95" machi="13" ten="40,8000,1" yaku="1,1,24,2,53,1" doraHai="106" doraHaiUra="17" who="2" fromWho="3" sc="109,0,427,0,183,103,261,-83" /><INIT seed="4,0,0,1,3,61" ten="109,427,286,178" oya="0" hai0="51,133,135,104,89,69,115,63,7,118,12,132,71" hai1="62,2,36,72,24,40,3,81,16,103,102,134,17" hai2="101,131,123,34,19,85,25,28,4,55,95,87,22" hai3="43,125,112,48,47,82,113,10,77,106,57,129,83"/><T20/><D104/><U45/><E134/><V84/><F131/><W86/><G106/><T76/><D118/><U31/><E103/><V126/><F123/><W46/><G129/><T56/><D76/><U93/><E102/><V35/><F126/><W53/><G125/><T41/><D89/><U44/><E93/><V70/><F70/><W121/><G121/><T67/><D7/><U32/><E45/><V90/><F101/><W64/><G64/><T120/><D120/><U124/><E124/><V54/><F4/><W117/><G117/><T108/><D20/><U14/><E17/><V96/><REACH who="2" step="1"/><F35/><REACH who="2" ten="109,427,276,178" step="2"/><W21/><G113/><T11/><D115/><U52/><E32/><V66/><F66/><W98/><G112/><T49/><D108/><U0/><E0/><V68/><F68/><N who="0" m="26186" /><D41/><U79/><E3/><V75/><F75/><W13/><G43/><T9/><D67/><U110/><E2/><V127/><F127/><W37/><G37/><T100/><D100/><U99/><E110/><V39/><F39/><W27/><G98/><T111/><D111/><U94/><E99/><V97/><F97/><W116/><G116/><T6/><D135/><U91/><E36/><V78/><F78/><W92/><G77/><T29/><D133/><U26/><E40/><V114/><F114/><W107/><G107/><T80/><D132/><U74/><E74/><V30/><F30/><W23/><G86/><T65/><D29/><U60/><E31/><V18/><F18/><W122/><G122/><T130/><D130/><U105/><E72/><V59/><F59/><W8/><G57/><RYUUKYOKU ba="0,1" sc="109,-10,427,-10,276,30,178,-10" hai2="19,22,25,28,34,54,55,84,85,87,90,95,96" /><INIT seed="5,1,1,2,5,1" ten="99,417,306,168" oya="1" hai0="26,129,4,103,34,81,126,87,79,101,62,104,77" hai1="7,70,107,97,39,52,65,127,89,19,17,88,124" hai2="15,35,14,32,92,55,28,30,94,75,134,71,2" hai3="96,38,106,49,109,21,3,51,64,123,76,57,110"/><U37/><E70/><V41/><F2/><W74/><G38/><N who="1" m="14346" /><E65/><V100/><F71/><W73/><G3/><T102/><D126/><N who="1" m="48171" /><E107/><V72/><F41/><W116/><G64/><T5/><D104/><U118/><E97/><V93/><F134/><W54/><G96/><T61/><D129/><U33/><E33/><V114/><F114/><W115/><G106/><T105/><D105/><U42/><E42/><V63/><F63/><W135/><G115/><T58/><D79/><U11/><E52/><V133/><F55/><W44/><G54/><T20/><D34/><U9/><E118/><V82/><F94/><W85/><G116/><T98/><D98/><U23/><E23/><V53/><F53/><W22/><G21/><T119/><D119/><U25/><E25/><V121/><F133/><W67/><G22/><T48/><D48/><U60/><E60/><N who="0" m="23145" /><D58/><U47/><E47/><V131/><F131/><W112/><G57/><T16/><AGARI ba="1,1" hai="4,5,16,20,26,77,81,87,101,102,103" m="23145" machi="16" ten="30,7900,0" yaku="8,1,52,2,54,1" doraHai="1" who="0" fromWho="0" sc="99,92,417,-40,306,-21,168,-21" /><INIT seed="6,0,0,1,0,103" ten="191,377,285,147" oya="2" hai0="52,63,2,45,15,12,99,127,59,96,18,118,19" hai1="31,54,75,44,1,90,26,109,106,5,81,20,67" hai2="32,24,125,72,7,68,43,62,30,84,126,91,107" hai3="56,130,93,36,117,121,83,11,53,119,6,64,98"/><V17/><F72/><W28/><G36/><T34/><D2/><U97/><E109/><V112/><F7/><W82/><G130/><T47/><D34/><U10/><E67/><N who="2" m="41079" /><F43/><W122/><G117/><T4/><D4/><U65/><E65/><V69/><F69/><W51/><G119/><T40/><D127/><N who="2" m="48650" /><F17/><W39/><G39/><T21/><D118/><U73/><E73/><V33/><F112/><W49/><G122/><T116/><D116/><U37/><E54/><V95/><F33/><W92/><G121/><T25/><D25/><U66/><E66/><V55/><F55/><W108/><G108/><T133/><D133/><U101/><E75/><V29/><F29/><W46/><G28/><T94/><D94/><U22/><E37/><V16/><F16/><W114/><G92/><T27/><D27/><U111/><E111/><V9/><F9/><W105/><G114/><T85/><D40/><U41/><E41/><V89/><F91/><W134/><G134/><T50/><D47/><U8/><E44/><V88/><F89/><W0/><G64/><T76/><D45/><U120/><E120/><V61/><F61/><W14/><G0/><T13/><D63/><U79/><E90/><V42/><F42/><N who="3" m="24791" /><G93/><T71/><D71/><U115/><E115/><V123/><F123/><W23/><G23/><N who="0" m="11719" /><D15/><U124/><E124/><V110/><F110/><W128/><G128/><T87/><D76/><U80/><E22/><V104/><AGARI ba="0,0" hai="24,30,32,84,88,95,104,107" m="48650,41079" machi="104" ten="30,11700,0" yaku="18,1,52,2,54,1" doraHai="103" who="2" fromWho="2" sc="191,-39,377,-39,285,117,147,-39" /><INIT seed="6,1,0,1,2,92" ten="152,338,402,108" oya="2" hai0="56,91,17,82,16,90,83,135,40,55,2,128,45" hai1="26,39,27,4,60,8,115,81,48,33,6,23,86" hai2="11,24,131,57,132,32,106,35,103,51,41,67,130" hai3="95,29,76,19,88,47,84,112,25,9,62,101,102"/><V66/><F132/><W61/><G76/><T7/><D135/><U85/><E115/><V54/><F41/><W44/><G112/><T69/><D69/><U71/><E39/><V96/><F11/><W80/><G29/><T119/><D128/><U97/><E33/><V34/><REACH who="2" step="1"/><F24/><REACH who="2" ten="152,338,392,108" step="2"/><W38/><G25/><T133/><D40/><U58/><E27/><V15/><F15/><W3/><G9/><T134/><D133/><U52/><E8/><V0/><F0/><W125/><G3/><T77/><D134/><U93/><E26/><V28/><F28/><W64/><G38/><T98/><D2/><U100/><E23/><V127/><F127/><W20/><G125/><T108/><D17/><U89/><REACH who="1" step="1"/><E86/><REACH who="1" ten="152,328,392,108" step="2"/><V1/><F1/><W18/><G84/><T65/><D7/><U68/><E68/><V94/><F94/><W129/><G95/><T118/><D16/><U111/><E111/><V36/><F36/><W63/><G20/><T104/><D108/><U12/><E12/><V122/><F122/><W123/><G123/><T79/><D119/><U53/><E53/><V105/><F105/><W30/><G18/><T59/><D55/><U5/><E5/><V37/><F37/><W75/><G19/><T31/><D104/><U46/><E46/><V70/><F70/><W50/><G44/><T72/><D45/><U42/><E42/><V14/><F14/><W107/><G47/><T99/><D118/><U73/><E73/><V13/><F13/><W87/><G75/><T78/><D72/><U124/><E124/><V109/><F109/><W22/><G107/><RYUUKYOKU ba="1,2" sc="152,-15,328,15,392,15,108,-15" hai1="4,6,48,52,58,60,71,81,85,89,93,97,100" hai2="32,34,35,51,54,57,66,67,96,103,106,130,131" /><INIT seed="6,2,2,4,4,90" ten="137,343,407,93" oya="2" hai0="129,27,131,102,123,53,134,87,107,23,50,51,122" hai1="69,41,25,30,36,95,60,109,56,70,7,55,94" hai2="86,62,135,111,33,20,40,120,113,59,24,52,89" hai3="43,81,4,66,127,42,76,61,112,71,103,29,121"/><V91/><F120/><W105/><G4/><T79/><D51/><U31/><E109/><V0/><F0/><W28/><G121/><T19/><D134/><U38/><E7/><V63/><F113/><W22/><G127/><T46/><D107/><U65/><E70/><V44/><F33/><W6/><G6/><T48/><D102/><U58/><E31/><V54/><F135/><W106/><G112/><T110/><D110/><U108/><E108/><V26/><F111/><W12/><G29/><T8/><D8/><U83/><E83/><V72/><F72/><W34/><G22/><T130/><D50/><N who="1" m="30839" /><E58/><N who="2" m="35143" /><F91/><W32/><G12/><T18/><D18/><U64/><E64/><V9/><F9/><W5/><G5/><T126/><D126/><U49/><E49/><N who="2" m="26759" /><F20/><W93/><G34/><T98/><D98/><U39/><E39/><V84/><F84/><N who="3" m="48167" /><G106/><T45/><D45/><N who="1" m="23719" /><E38/><V37/><F37/><W75/><G105/><T67/><D67/><U10/><E10/><V116/><F116/><W21/><G75/><T3/><D3/><U78/><E78/><V80/><AGARI ba="2,2" hai="24,26,54,59,63,80,86,89" m="26759,35143" machi="80" ten="30,3000,0" yaku="8,1,54,1" doraHai="90" who="2" fromWho="2" sc="137,-12,343,-12,407,56,93,-12" /><INIT seed="6,3,0,4,0,109" ten="125,331,463,81" oya="2" hai0="71,43,72,124,134,119,113,104,106,86,96,130,47" hai1="11,89,16,135,93,35,60,120,10,122,81,44,7" hai2="8,9,40,24,110,75,18,53,39,100,4,48,12" hai3="28,80,50,0,45,25,108,77,61,62,123,54,84"/><V101/><F75/><W66/><G0/><T14/><D72/><U76/><E135/><V91/><F110/><W83/><G108/><T46/><D134/><U126/><E126/><V78/><F78/><W64/><G123/><N who="1" m="47146" /><E35/><V111/><F111/><W132/><G132/><T94/><D71/><U129/><E129/><V117/><F117/><W27/><G28/><T128/><D86/><N who="1" m="52407" /><E7/><V82/><F40/><W87/><G62/><T121/><D47/><U41/><E60/><V95/><F82/><W68/><REACH who="3" step="1"/><G66/><REACH who="3" ten="125,331,463,71" step="2"/><T92/><D121/><U29/><E29/><V51/><F39/><W69/><G69/><T15/><D124/><U118/><E118/><V102/><F51/><W59/><G59/><T22/><D119/><U32/><E44/><V98/><F24/><W107/><G107/><T6/><D106/><U115/><E32/><V125/><F125/><W52/><G52/><T23/><D104/><U2/><E41/><V55/><F48/><W127/><G127/><T49/><D43/><U74/><E2/><V114/><F55/><W3/><G3/><T131/><D46/><U5/><E74/><V103/><F53/><W1/><G1/><T73/><D49/><U90/><E76/><AGARI ba="3,1" hai="25,27,45,50,54,61,64,68,76,77,80,83,84,87" machi="76" ten="30,8000,1" yaku="1,1,7,1,9,1,53,2" doraHai="109" doraHaiUra="79" who="3" fromWho="1" sc="125,0,331,-89,463,0,71,99" /><INIT seed="7,0,0,0,4,39" ten="125,242,463,170" oya="3" hai0="2,35,72,1,68,79,11,48,45,71,41,58,12" hai1="126,108,31,38,88,114,57,16,42,43,54,77,51" hai2="119,3,64,104,84,92,109,5,22,80,30,101,81" hai3="89,73,124,110,0,10,82,19,102,116,131,23,7"/><W78/><G102/><T75/><D35/><U74/><E108/><V122/><F109/><W9/><G110/><T49/><D71/><U117/><E38/><V17/><F30/><W15/><G116/><T69/><D68/><U97/><E31/><V87/><F119/><W18/><G131/><T36/><D69/><U127/><E117/><V83/><F64/><W34/><G124/><N who="1" m="47658" /><E114/><V96/><F104/><W8/><G34/><T66/><D36/><U56/><E56/><V70/><F70/><W32/><G32/><T99/><D99/><U111/><E111/><V6/><F122/><W115/><G115/><T63/><D49/><U13/><E77/><N who="2" m="46095" /><F3/><W129/><G129/><T132/><D132/><U62/><E74/><V76/><F83/><W133/><G133/><T94/><D94/><N who="1" m="56519" /><E62/><V128/><F128/><W90/><G8/><AGARI ba="0,0" hai="8,13,16,42,43,51,54,57" m="56519,47658" machi="8" ten="30,8000,1" yaku="18,1,52,2,54,2" doraHai="39" who="1" fromWho="3" sc="125,0,242,80,463,0,170,-80" owari="125,-27.0,322,12.0,463,56.0,90,-41.0" /></mjloggm>