<mjloggm ver="2.3"><GO type="169" lobby="0"/><UN n0="%6B%69%6D%69%30%33%32%32" n1="%6B%6F%62%6F%7A%32" n2="%E3%82%A2%E3%83%AB%E3%83%86%E3%83%9F%E3%82%B9" n3="%67%75%73%68" dan="16,16,17,16" rate="2054.71,2173.51,2189.49,2147.98" sx="M,M,M,M"/><TAIKYOKU oya="0"/><INIT seed="0,0,0,2,1,116" ten="250,250,250,250" oya="0" hai0="29,84,106,30,35,55,28,36,78,16,17,63,49" hai1="46,95,51,42,82,102,59,75,105,33,128,88,98" hai2="44,58,72,20,86,135,79,96,133,101,40,70,18" hai3="92,7,0,21,10,47,115,37,80,134,2,57,50"/><T14/><D36/><U107/><E128/><V118/><F118/><W103/><G115/><T90/><D35/><U22/><E33/><V132/><F70/><W13/><G134/><T25/><D106/><U3/><E3/><V62/><F72/><W74/><G37/><T45/><D78/><U60/><E22/><V83/><F40/><W52/><G21/><N who="0" m="13487" /><D63/><U54/><REACH who="1" step="1"/><E102/><REACH who="1" ten="250,240,250,250" step="2"/><V6/><F132/><W119/><G119/><T12/><D16/><U69/><E69/><V9/><F133/><W32/><G32/><T4/><D4/><U108/><E108/><V77/><F135/><W100/><G100/><T53/><D53/><U97/><E97/><V127/><F96/><W15/><G0/><T104/><D104/><U123/><E123/><V94/><F101/><W1/><G1/><T39/><D39/><U24/><E24/><V110/><F18/><W117/><G117/><T48/><D48/><U93/><E93/><AGARI ba="0,1" hai="12,14,28,29,30,45,49,55,84,90,93" m="13487" machi="93" ten="30,1500,0" yaku="8,1" doraHai="116" who="0" fromWho="1" sc="250,25,240,-15,250,0,250,0" /><INIT seed="0,1,0,5,3,121" ten="275,225,250,250" oya="0" hai0="129,98,18,77,80,109,122,43,131,10,3,83,100" hai1="111,58,125,34,81,4,24,39,21,91,33,87,119" hai2="72,35,120,67,32,107,89,28,37,130,68,19,14" hai3="20,70,84,103,106,23,56,114,62,97,93,51,40"/><T115/><D122/><U86/><E119/><V16/><F120/><W69/><G114/><T82/><D115/><U96/><E39/><V63/><F37/><W94/><G70/><T78/><D43/><U112/><E125/><V73/><F130/><N who="0" m="49674" /><D3/><U74/><E74/><V118/><F118/><W25/><G20/><T8/><D18/><U0/><E112/><V88/><F107/><W42/><G69/><T31/><D31/><U92/><E86/><V135/><F135/><W5/><G5/><T2/><D2/><U22/><E21/><V11/><F19/><W38/><G38/><T76/><D8/><U126/><E126/><V49/><F49/><W17/><G51/><T79/><D10/><U61/><E4/><V71/><F71/><W132/><G132/><T85/><D109/><U44/><E44/><V45/><F45/><W7/><G7/><T52/><D52/><N who="1" m="33991" /><E111/><V95/><F28/><W66/><G106/><AGARI ba="1,0" hai="76,77,78,79,80,82,83,85,98,100,106" m="49674" machi="106" ten="30,5800,0" yaku="19,1,34,2" doraHai="121" who="0" fromWho="3" sc="275,61,225,0,250,0,250,-61" /><INIT seed="0,2,0,5,2,16" ten="336,225,250,189" oya="0" hai0="131,112,128,46,105,39,133,74,18,48,14,49,116" hai1="101,26,0,45,15,108,129,109,102,13,77,110,96" hai2="84,118,83,4,93,115,91,123,67,44,76,9,22" hai3="1,61,32,95,86,107,10,66,27,11,85,33,114"/><T126/><D74/><U6/><E77/><V119/><F123/><W57/><G107/><T120/><D105/><U73/><E73/><V88/><F115/><W58/><G114/><T63/><D120/><U134/><E129/><V3/><F67/><W64/><G27/><T79/><D112/><U29/><E134/><V121/><F121/><W30/><G30/><T17/><D79/><U55/><E0/><V8/><F8/><W87/><G95/><T113/><D113/><U82/><E82/><V31/><F31/><W70/><G70/><T20/><D133/><U72/><E72/><V52/><F22/><W89/><G89/><T12/><D126/><U78/><E78/><V111/><F111/><W92/><G92/><T28/><D28/><U25/><E6/><V75/><REACH who="2" step="1"/><F91/><REACH who="2" ten="336,225,240,189" step="2"/><W23/><G23/><N who="0" m="11687" /><D116/><U56/><E108/><V69/><F69/><W80/><G10/><T40/><D63/><U7/><E110/><V21/><F21/><W5/><G80/><T97/><D97/><U125/><E96/><V47/><F47/><W62/><AGARI ba="2,1" hai="1,5,11,32,33,57,58,61,62,64,66,85,86,87" machi="62" ten="30,2000,0" yaku="0,1,9,1" doraHai="16" who="3" fromWho="3" sc="336,-12,225,-7,240,-7,189,36" /><INIT seed="1,0,0,5,5,41" ten="324,218,233,225" oya="1" hai0="30,131,20,92,135,16,59,39,2,103,110,58,89" hai1="57,21,124,134,22,5,70,104,65,45,94,13,102" hai2="50,35,107,63,27,33,62,71,114,43,122,51,108" hai3="98,105,87,73,97,23,6,88,1,121,61,117,74"/><U48/><E104/><V79/><F122/><W93/><G6/><T118/><D118/><U12/><E70/><V38/><F107/><W85/><G1/><T83/><D110/><U82/><E134/><V77/><F108/><W66/><G121/><T56/><D2/><U75/><E124/><V115/><F38/><W40/><G23/><T133/><D131/><U44/><E75/><N who="3" m="28682" /><G40/><T132/><D39/><U95/><E82/><V84/><F43/><W54/><G54/><T24/><D83/><U47/><E102/><V19/><F84/><N who="3" m="32331" /><G61/><T15/><D103/><U7/><E13/><V34/><F71/><W113/><G66/><T8/><D58/><U46/><N who="1" m="11264" /><DORA hai="80" /><U116/><E116/><V4/><F4/><N who="1" m="1609" /><E48/><N who="2" m="18475" /><F19/><W31/><G31/><T42/><D42/><U9/><E9/><V64/><F27/><W68/><G68/><T127/><D127/><U109/><E109/><V129/><F129/><W86/><G117/><T55/><D55/><U29/><E12/><V52/><F52/><W53/><G53/><T123/><D123/><U67/><E21/><V37/><F37/><W106/><G113/><N who="2" m="43017" /><F64/><N who="1" m="24649" /><E57/><V101/><F101/><W111/><G111/><T91/><D56/><U32/><E32/><V49/><N who="2" m="18483" /><V72/><DORA hai="11" /><F72/><W28/><G28/><T36/><D36/><U128/><E128/><V120/><F120/><W18/><G18/><T14/><D59/><U25/><AGARI ba="0,0" hai="22,25,29,94,95" m="24649,1609,11264" machi="25" ten="50,12000,1" yaku="8,1,52,4" doraHai="41,80,11" who="1" fromWho="1" sc="324,-40,218,120,233,-40,225,-40" /><INIT seed="1,1,0,0,5,89" ten="284,338,193,185" oya="1" hai0="19,13,102,85,77,3,10,36,98,120,88,109,114" hai1="34,27,33,30,113,5,111,73,78,83,63,92,100" hai2="65,60,14,124,47,68,70,94,112,84,31,22,133" hai3="81,1,2,72,122,44,119,24,51,32,38,110,104"/><U55/><E113/><V21/><F112/><W105/><G51/><T101/><D114/><U43/><E43/><V82/><F133/><W39/><G122/><T52/><D120/><U40/><E40/><V29/><F124/><W59/><G59/><T95/><D109/><U50/><E111/><V86/><F47/><W53/><G53/><T12/><D3/><N who="3" m="1033" /><G110/><T17/><D36/><N who="3" m="13865" /><G44/><T91/><D77/><U103/><E34/><V126/><F126/><W49/><G49/><T58/><D91/><U80/><E5/><V131/><F131/><W125/><G125/><T15/><D102/><U42/><E42/><V11/><F82/><W7/><G7/><T132/><D132/><U90/><E80/><V129/><F129/><W108/><G108/><T20/><D17/><U79/><E78/><V4/><F4/><W23/><G23/><T67/><D67/><U26/><E63/><V9/><F14/><W41/><G41/><T57/><D57/><U25/><E103/><V99/><F65/><W56/><G56/><T35/><D35/><U130/><E100/><V64/><F64/><W97/><G97/><T54/><D54/><U87/><REACH who="1" step="1"/><E130/><REACH who="1" ten="284,328,193,185" step="2"/><V121/><F60/><W123/><G119/><T106/><D10/><U76/><E76/><V96/><F121/><W71/><G123/><T128/><D128/><U107/><E107/><N who="3" m="41034" /><G71/><T74/><D74/><U37/><E37/><V62/><F62/><AGARI ba="1,1" hai="12,13,15,19,20,52,58,62,85,88,95,98,101,106" machi="62" ten="30,7700,0" yaku="7,1,52,1,54,2" doraHai="89" who="0" fromWho="2" sc="284,90,328,0,193,-80,185,0" /><INIT seed="2,0,0,0,3,67" ten="374,328,113,185" oya="2" hai0="39,83,69,116,133,129,111,71,35,61,125,41,107" hai1="13,0,99,28,55,40,122,57,121,98,134,58,31" hai2="14,88,113,108,119,23,53,6,34,127,109,110,11" hai3="97,10,43,132,81,25,106,68,2,60,5,117,115"/><V76/><F113/><W130/><G115/><T20/><RYUUKYOKU type="yao9" ba="0,0" sc="374,0,328,0,113,0,185,0" hai0="20,35,39,41,61,69,71,83,107,111,116,125,129,133" /><INIT seed="2,1,0,4,5,34" ten="374,328,113,185" oya="2" hai0="46,13,83,3,75,66,10,118,84,60,22,40,45" hai1="90,48,86,55,2,64,80,99,131,61,82,5,105" hai2="133,17,134,8,100,113,19,21,28,68,37,102,127" hai3="11,57,47,41,85,124,103,72,27,125,93,56,42"/><V112/><F37/><W53/><G72/><T114/><D118/><U14/><E131/><V108/><F68/><W79/><G27/><T96/><D75/><U30/><E30/><V63/><F63/><W97/><G42/><T12/><D114/><U130/><E130/><V122/><F122/><W0/><G79/><T88/><D3/><U35/><E35/><V73/><F73/><W52/><G85/><T110/><D110/><U94/><E2/><V107/><F127/><N who="3" m="48715" /><G56/><T9/><D22/><U117/><E105/><V49/><F107/><W78/><G78/><T128/><D128/><U58/><E117/><V51/><F108/><W39/><G57/><N who="0" m="37135" /><D40/><U132/><E132/><V54/><F28/><W29/><G29/><T109/><D96/><U24/><E24/><V111/><F111/><W87/><G87/><T115/><D115/><U123/><E123/><V36/><F54/><W16/><G0/><T69/><D69/><U106/><E106/><V71/><F71/><W25/><G25/><T98/><D98/><U95/><E64/><V62/><F36/><W104/><G104/><T77/><D77/><U50/><E50/><V43/><F62/><W7/><G7/><N who="0" m="3135" /><D109/><U126/><E61/><V1/><F43/><W44/><G44/><T89/><D89/><N who="1" m="53559" /><E126/><V101/><F1/><W119/><G119/><T20/><D20/><U4/><E4/><AGARI ba="1,0" hai="4,10,13,45,46,83,84,88" m="3135,37135" machi="4" ten="30,2000,0" yaku="8,1,54,1" doraHai="34" who="0" fromWho="1" sc="374,23,328,-23,113,0,185,0" /><INIT seed="3,0,0,2,1,104" ten="397,305,113,185" oya="3" hai0="107,27,115,83,133,14,106,74,73,6,90,113,8" hai1="94,92,99,21,16,123,127,37,125,46,36,110,88" hai2="134,64,65,89,108,11,49,78,122,53,97,76,109" hai3="13,116,130,84,81,39,51,98,129,75,40,48,0"/><W126/><G0/><T54/><D133/><U69/><E123/><V79/><F134/><W120/><G120/><T44/><D27/><U82/><E69/><V135/><F135/><W72/><G116/><T61/><D90/><U96/><E82/><V55/><F122/><W70/><G70/><T30/><D30/><U93/><E110/><N who="2" m="42603" /><F11/><W18/><G98/><T62/><D83/><U4/><E4/><V5/><F5/><W117/><G39/><T105/><D44/><U52/><E94/><N who="2" m="56527" /><F55/><W118/><G126/><N who="1" m="48138" /><E93/><V29/><F29/><W19/><G40/><T10/><D54/><U111/><E99/><V24/><F24/><W58/><G58/><AGARI ba="0,0" hai="49,53,58,64,65,76,78,79" m="56527,42603" machi="58" ten="30,1000,0" yaku="14,1" doraHai="104" who="2" fromWho="3" sc="397,0,305,0,113,10,185,-10" /><INIT seed="4,0,0,2,1,68" ten="397,305,123,175" oya="0" hai0="60,14,73,33,22,105,43,94,9,56,71,41,63" hai1="130,69,110,50,120,121,70,112,125,76,17,15,100" hai2="52,55,36,61,79,75,28,12,40,96,101,80,48" hai3="65,19,11,92,2,103,42,95,129,72,89,58,31"/><T57/><D105/><U46/><E110/><V66/><F12/><W102/><G72/><T1/><D71/><U78/><E100/><V106/><F28/><W111/><G111/><T6/><D73/><U26/><E26/><V44/><REACH who="2" step="1"/><F48/><REACH who="2" ten="397,305,113,175" step="2"/><W25/><G129/><T122/><D14/><U53/><E130/><V62/><F62/><W117/><G117/><T108/><D63/><U45/><E15/><V133/><F133/><W38/><G2/><T37/><D60/><U3/><E50/><V34/><F34/><W114/><G114/><T118/><D33/><U115/><E3/><V7/><F7/><W93/><G11/><T131/><D1/><U74/><E17/><V104/><F104/><W29/><G19/><T91/><D6/><U87/><E112/><V77/><F77/><W99/><G31/><T113/><D9/><U84/><E115/><V109/><F109/><W27/><G27/><T5/><D5/><U59/><E76/><V126/><F126/><W49/><G49/><T86/><D108/><U123/><E78/><V51/><F51/><W8/><G8/><T23/><D131/><U85/><E125/><V54/><F54/><W132/><G132/><T88/><D118/><U47/><E53/><V30/><F30/><W39/><G65/><T4/><D4/><U10/><E121/><V128/><F128/><W0/><G0/><T116/><D113/><U32/><E123/><V24/><F24/><W90/><G25/><T97/><D116/><U13/><E32/><V119/><F119/><W20/><G29/><T134/><D122/><U82/><E120/><RYUUKYOKU ba="0,1" sc="397,-10,305,-10,113,30,175,-10" hai2="36,40,44,52,55,61,66,75,79,80,96,101,106" /><INIT seed="5,1,1,0,1,73" ten="387,295,143,165" oya="1" hai0="21,62,134,113,19,16,127,23,119,90,58,112,76" hai1="103,38,36,60,83,46,131,96,25,102,32,85,128" hai2="126,71,56,135,27,41,53,107,33,72,57,12,47" hai3="64,92,51,93,43,59,22,11,94,20,4,74,109"/><U14/><E14/><V69/><F72/><W63/><G109/><T66/><D119/><U7/><E7/><V1/><F1/><W44/><REACH who="3" step="1"/><G74/><REACH who="3" ten="387,295,143,155" step="2"/><T48/><D112/><U77/><E131/><V84/><F126/><W40/><G40/><T120/><D127/><U132/><E128/><V130/><F130/><W28/><G28/><T88/><D113/><U91/><E132/><V78/><F135/><W99/><G99/><T115/><D134/><U89/><E36/><V8/><F41/><W104/><G104/><T24/><D115/><U122/><E38/><V3/><F107/><W55/><G55/><T117/><D117/><U118/><E118/><V95/><F53/><W39/><G39/><T61/><D120/><U82/><E122/><V114/><F114/><W5/><G5/><T6/><D6/><U108/><E108/><V52/><F52/><W105/><G105/><T124/><D124/><U9/><E96/><V18/><F18/><W34/><G34/><T54/><D19/><U110/><E32/><V81/><F33/><W35/><G35/><T123/><D123/><U49/><E110/><V80/><F27/><W37/><G37/><T2/><D16/><U79/><E25/><V75/><F75/><W101/><G101/><T129/><D24/><U87/><E103/><V133/><F133/><W86/><G86/><T116/><D116/><U70/><E102/><V31/><F31/><W98/><G98/><T26/><D26/><U45/><E87/><V121/><F121/><W15/><AGARI ba="1,2" hai="4,11,15,20,22,43,44,51,59,63,64,92,93,94" machi="15" ten="30,7900,0" yaku="1,1,0,1,8,1,53,1" doraHai="73" doraHaiUra="42" who="3" fromWho="3" sc="387,-21,295,-40,143,-21,155,102" /><INIT seed="6,0,0,3,2,134" ten="366,255,122,257" oya="2" hai0="66,94,107,42,116,17,108,32,30,92,132,127,71" hai1="52,104,65,45,16,93,50,91,133,70,28,34,111" hai2="118,77,49,44,126,33,4,89,38,123,130,13,78" hai3="84,117,100,73,87,1,72,22,31,129,76,98,2"/><V113/><F123/><W80/><G117/><T86/><D116/><U51/><E104/><V119/><F33/><W23/><G129/><T46/><D107/><U69/><E111/><V3/><F130/><W24/><G87/><T43/><D108/><U85/><E133/><V64/><F3/><W62/><G22/><T67/><D132/><U56/><E34/><V53/><F38/><W121/><G121/><T110/><D110/><U25/><E65/><V8/><F118/><W96/><G96/><T29/><D17/><U63/><E70/><V60/><F119/><W61/><G1/><T103/><D86/><U48/><E69/><V114/><F89/><W21/><G21/><T79/><D71/><U125/><E125/><V68/><REACH who="2" step="1"/><F126/><REACH who="2" ten="366,255,112,257" step="2"/><W35/><G2/><T58/><D127/><U37/><E37/><V54/><F54/><W11/><G35/><T99/><D32/><U15/><E25/><V59/><F59/><W135/><G135/><T124/><D58/><U105/><E45/><V19/><F19/><W5/><G5/><T12/><D46/><U9/><E28/><V26/><F26/><W131/><G131/><T20/><D30/><U75/><E52/><V128/><F128/><W39/><G39/><T95/><D124/><U7/><E56/><V90/><F90/><W122/><G122/><T101/><D29/><U83/><E91/><V47/><F47/><W0/><G0/><T115/><D66/><U18/><E16/><V112/><AGARI ba="0,1" hai="4,8,13,44,49,53,60,64,68,77,78,112,113,114" machi="112" ten="30,11700,0" yaku="1,1,0,1,15,1,53,1" doraHai="134" doraHaiUra="40" who="2" fromWho="2" sc="366,-39,255,-39,112,127,257,-39" /><INIT seed="6,1,0,0,4,120" ten="327,216,239,218" oya="2" hai0="38,84,31,13,2,70,69,24,116,19,112,53,74" hai1="56,123,66,8,81,109,135,101,87,82,89,72,1" hai2="7,47,91,128,49,30,54,122,26,15,78,57,6" hai3="44,17,132,32,121,25,34,35,102,21,127,23,28"/><V55/><F122/><W33/><G102/><T124/><D74/><U111/><E123/><V119/><F119/><W95/><G121/><T4/><D116/><U63/><E135/><V18/><F128/><W0/><G95/><T5/><D38/><U94/><E81/><V75/><F91/><W76/><G44/><T83/><D124/><U50/><E50/><V37/><F78/><W68/><G76/><T12/><D112/><U41/><E41/><V108/><F75/><W58/><G58/><T106/><D106/><U73/><E73/><V77/><F77/><W9/><G68/><T104/><D104/><U110/><E72/><V42/><F55/><W115/><G127/><T64/><D64/><U98/><E8/><V46/><F46/><W92/><G92/><T85/><D85/><U90/><REACH who="1" step="1"/><E1/><REACH who="1" ten="327,206,239,218" step="2"/><V45/><F45/><W130/><G132/><T14/><D2/><U52/><E52/><V113/><F113/><W36/><G36/><T51/><D53/><U129/><E129/><V118/><F118/><W65/><G65/><T59/><D51/><U29/><E29/><V103/><F108/><W48/><G48/><T39/><D31/><U107/><E107/><V134/><F134/><W114/><N who="3" m="8704" /><DORA hai="88" /><W20/><G130/><T27/><D39/><U16/><E16/><V43/><F43/><W131/><G131/><T10/><D19/><U62/><E62/><N who="2" m="36151" /><F37/><W126/><G126/><T117/><D117/><U80/><E80/><V100/><F18/><W67/><G67/><T11/><D83/><U86/><E86/><V60/><F49/><W79/><G17/><RYUUKYOKU ba="1,1" sc="327,-10,206,30,239,-10,218,-10" hai1="56,63,66,82,87,89,90,94,98,101,109,110,111" /><INIT seed="7,2,1,1,4,2" ten="317,236,229,208" oya="3" hai0="117,101,124,73,119,91,34,85,88,94,55,133,98" hai1="5,106,35,16,72,132,67,123,44,118,62,49,61" hai2="40,134,105,86,77,100,76,97,89,17,1,53,80" hai3="135,28,46,69,108,7,11,83,20,109,23,130,110"/><W64/><G130/><T26/><D55/><U36/><E36/><V81/><F1/><W102/><G135/><T57/><D57/><U22/><E106/><V78/><F40/><W58/><G69/><T10/><D10/><U21/><E72/><N who="2" m="43015" /><F17/><W103/><G46/><T68/><D68/><U18/><E35/><V38/><F38/><W87/><G64/><T4/><D4/><U0/><E132/><V14/><F14/><N who="3" m="5503" /><G58/><T121/><D26/><U90/><E123/><V50/><F134/><W116/><G116/><T63/><D34/><U99/><E118/><V70/><F70/><W30/><G23/><N who="1" m="8714" /><E5/><V107/><F53/><W25/><G30/><T13/><D121/><U3/><E0/><V120/><F50/><W19/><G28/><T93/><D63/><U59/><E61/><V60/><F60/><W41/><G41/><T128/><D13/><U54/><E3/><V74/><F120/><W56/><G56/><T29/><D29/><U66/><E67/><V48/><F48/><W15/><G15/><T127/><D133/><U111/><E111/><N who="3" m="28418" /><W95/><DORA hai="122" /><G95/><AGARI ba="2,1" hai="16,18,44,49,54,59,62,66,90,95,99" m="8714" machi="95" ten="30,2000,0" yaku="8,1,54,1" doraHai="2,122" who="1" fromWho="3" sc="317,0,236,36,229,0,208,-26" owari="317,42.0,272,7.0,229,-17.0,182,-32.0" /></mjloggm>