<mjloggm ver="2.3"><GO type="185" lobby="0"/><UN n0="%72%61%74%65%72%61%74%65" n1="%43%68%75%65%6C" n2="%E3%83%8A%E3%83%91%E3%83%BC%E3%83%A0%E3%81%A7%E3%81%99" n3="" dan="16,18,17,0" rate="2192.64,2343.89,2205.51,1500.00" sx="F,F,M,C"/><TAIKYOKU oya="0"/><INIT seed="0,0,0,1,3,80" ten="350,350,350,0" oya="0" hai0="91,45,112,133,37,73,34,90,3,55,53,40,122" hai1="114,41,85,128,123,61,83,109,67,57,134,101,132" hai2="129,38,1,84,69,130,119,66,118,86,49,105,42" hai3=""/><T124/><N who="0" m="31264" /><T89/><D112/><U76/><N who="1" m="31520" /><U32/><E32/><V36/><F105/><T103/><D34/><U87/><E109/><V63/><F1/><T116/><D116/><N who="2" m="44586" /><F49/><T74/><D3/><U96/><E128/><N who="2" m="49259" /><F42/><T70/><D70/><U50/><E114/><V100/><F100/><T111/><D111/><U39/><E39/><AGARI ba="0,0" hai="36,38,39,63,66,69,84,86" m="49259,44586" machi="39" ten="40,8000,1" yaku="12,1,19,1,52,2" doraHai="80" who="2" fromWho="1" sc="350,0,350,-80,350,80,0,0" /><INIT seed="1,0,0,2,1,95" ten="350,270,430,0" oya="1" hai0="56,69,116,117,114,124,78,63,58,3,64,126,113" hai1="1,90,129,66,72,93,44,87,36,45,77,59,107" hai2="103,70,57,50,134,53,131,104,67,32,125,79,62" hai3=""/><U38/><E1/><V34/><F134/><T52/><D78/><U82/><E129/><V123/><N who="2" m="31520" /><V89/><F131/><T71/><D3/><U80/><E107/><V41/><F125/><N who="0" m="48234" /><D58/><U88/><E44/><V86/><F79/><T128/><D128/><U60/><REACH who="1" step="1"/><E45/><REACH who="1" ten="350,260,430,0" step="2"/><V48/><F104/><T35/><D35/><U122/><N who="1" m="31264" /><U132/><E132/><V85/><F32/><T109/><D109/><U49/><E49/><V39/><F48/><T135/><D135/><U130/><E130/><V76/><F50/><T54/><D113/><U91/><E91/><V127/><F89/><T42/><D114/><U121/><N who="1" m="31008" /><U46/><E46/><V115/><F127/><T112/><D112/><U96/><AGARI ba="0,1" hai="36,38,59,60,66,72,77,80,82,87,88,90,93,96" m="31008,31264" machi="96" ten="20,12000,2" yaku="1,1,0,1,7,1,52,3,54,1,53,0" doraHai="95" doraHaiUra="99" who="1" fromWho="1" sc="350,-60,260,130,430,-60,0,0" /><INIT seed="1,1,0,1,3,72" ten="290,390,370,0" oya="1" hai0="86,122,124,133,66,57,103,119,105,87,58,49,95" hai1="84,123,75,0,82,101,51,69,116,54,37,129,83" hai2="52,55,78,53,70,81,32,42,65,110,44,40,60" hai3=""/><U99/><N who="1" m="31520" /><U67/><E0/><V112/><F110/><T115/><N who="0" m="31264" /><T102/><D115/><U64/><E116/><V135/><F135/><T46/><D133/><U128/><E37/><V62/><F112/><T109/><D109/><U56/><E75/><V130/><F130/><N who="1" m="50281" /><E69/><V61/><F32/><T79/><D124/><U118/><E118/><V45/><F78/><T106/><D119/><U63/><E51/><V120/><N who="2" m="30752" /><V73/><F81/><N who="1" m="30729" /><E84/><V80/><F80/><T94/><D49/><U104/><AGARI ba="1,0" hai="54,56,63,64,67,99,101,104" m="30729,50281,31520" machi="104" ten="30,2000,0" yaku="19,1,52,1" doraHai="72" who="1" fromWho="1" sc="290,-11,390,22,370,-11,0,0" /><INIT seed="1,2,0,2,3,101" ten="279,412,359,0" oya="1" hai0="124,43,109,67,89,80,68,97,83,115,122,123,46" hai1="50,120,84,42,99,87,41,130,61,58,76,102,128" hai2="126,103,51,85,35,40,113,33,95,53,93,104,105" hai3=""/><U118/><N who="1" m="30752" /><U135/><E118/><V32/><F126/><T34/><N who="0" m="31264" /><T2/><N who="0" m="31520" /><T77/><D34/><U64/><E135/><V52/><F113/><T88/><D115/><U132/><E132/><V63/><F40/><T54/><D2/><U125/><E125/><V129/><F129/><N who="1" m="49769" /><E76/><V72/><F72/><T70/><D124/><U57/><E58/><V48/><F35/><T127/><D127/><U49/><E41/><V111/><F111/><T3/><D3/><U71/><E42/><V96/><F63/><T55/><D109/><U94/><E71/><V47/><F32/><T116/><D116/><U92/><E92/><V82/><F93/><T121/><N who="0" m="31008" /><T56/><D77/><U117/><E117/><V131/><F33/><T74/><D43/><U39/><E39/><V1/><F1/><T37/><D37/><U60/><E60/><V90/><F131/><T75/><D68/><U62/><E62/><V110/><F110/><T107/><D70/><U36/><E36/><V66/><F66/><T81/><D67/><U98/><E99/><V108/><F108/><T86/><D97/><U79/><E79/><V45/><AGARI ba="2,0" hai="45,47,48,51,52,53,82,85,90,95,96,103,104,105" machi="45" ten="20,9000,2" yaku="0,1,7,1,9,1,52,2,54,1" doraHai="101" who="2" fromWho="2" sc="279,-32,412,-62,359,94,0,0" /><INIT seed="2,0,0,4,5,66" ten="247,350,453,0" oya="2" hai0="81,89,132,133,60,108,93,109,128,41,69,107,76" hai1="3,54,118,90,46,123,72,113,51,42,129,75,34" hai2="98,67,40,112,103,97,35,33,121,50,102,68,63" hai3=""/><V79/><N who="2" m="31008" /><V91/><F112/><T80/><D41/><U95/><N who="1" m="31520" /><U134/><E113/><V119/><F119/><T88/><D107/><U92/><E3/><V52/><F79/><T53/><D53/><U78/><E34/><V126/><F126/><T64/><D128/><U124/><E129/><V0/><F40/><T114/><D114/><U116/><E124/><V104/><F91/><N who="0" m="34890" /><D93/><U125/><E125/><V44/><F0/><T74/><D81/><U96/><E95/><AGARI ba="0,0" hai="33,35,44,50,52,63,67,68,95,97,98,102,103,104" m="31008" machi="95" ten="30,11600,0" yaku="7,1,52,2,54,1" doraHai="66" who="2" fromWho="1" sc="247,0,350,-116,453,116,0,0" /><INIT seed="2,1,0,2,1,102" ten="247,234,569,0" oya="2" hai0="121,113,127,47,68,74,135,94,130,48,1,108,122" hai1="46,128,109,87,107,82,3,41,78,123,39,92,57" hai2="84,77,112,103,50,38,118,91,36,73,85,111,75" hai3=""/><V45/><F112/><T55/><D55/><U40/><N who="1" m="31520" /><U33/><E33/><V134/><F134/><T86/><D86/><U2/><E109/><V72/><F118/><T59/><D59/><U115/><E115/><V66/><F111/><T93/><D93/><U54/><E128/><V83/><F66/><T129/><D94/><U43/><E107/><V89/><F103/><T60/><D60/><U120/><N who="1" m="30752" /><U88/><E3/><V95/><REACH who="2" step="1"/><F77/><REACH who="2" ten="247,234,559,0" step="2"/><T0/><N who="0" m="31008" /><T76/><D0/><U100/><E100/><V110/><F110/><T101/><D76/><U80/><E2/><V125/><F125/><T79/><D79/><U61/><REACH who="1" step="1"/><E80/><REACH who="1" ten="247,224,559,0" step="2"/><V117/><F117/><T97/><N who="0" m="31264" /><T44/><D101/><U105/><E105/><V34/><F34/><T63/><D1/><U70/><E70/><V133/><F133/><T49/><D108/><U132/><E132/><V106/><F106/><T58/><D135/><U69/><E69/><V116/><F116/><T98/><D68/><U65/><E65/><V64/><F64/><T126/><D126/><U62/><E62/><V114/><F114/><T32/><D127/><U119/><E119/><V42/><AGARI ba="1,2" hai="36,38,42,45,50,72,73,75,83,84,85,89,91,95" machi="42" ten="30,2000,0" yaku="1,1,0,1,53,0" doraHai="102" doraHaiUra="131" who="2" fromWho="2" sc="247,-11,224,-11,559,42,0,0" /><INIT seed="2,2,0,2,1,77" ten="236,213,601,0" oya="2" hai0="32,37,56,0,94,90,126,83,115,110,102,98,78" hai1="34,81,108,87,88,127,95,64,33,122,114,62,70" hai2="129,92,124,91,35,38,46,107,65,100,60,89,50" hai3=""/><V134/><F134/><T42/><D32/><U69/><N who="1" m="31264" /><U118/><E114/><V103/><F129/><T106/><D0/><U2/><E2/><V96/><F124/><T41/><D110/><U105/><E105/><V85/><F38/><T97/><D126/><U111/><E127/><V53/><F35/><T45/><D115/><U125/><E125/><V119/><F119/><T113/><D113/><U68/><E118/><V67/><F107/><T54/><D41/><U57/><E34/><V75/><F75/><T79/><REACH who="0" step="1"/><D83/><REACH who="0" ten="226,213,601,0" step="2"/><U101/><REACH who="1" step="1"/><E33/><REACH who="1" ten="226,203,601,0" step="2"/><V86/><F96/><AGARI ba="2,2" hai="57,62,64,68,69,70,81,87,88,95,96,101,108,111" m="31264" machi="96" ten="50,12000,2" yaku="1,1,2,1,52,2,54,1,53,1" doraHai="77" doraHaiUra="58" who="1" fromWho="2" sc="226,0,203,144,601,-124,0,0" /><INIT seed="4,0,0,2,3,47" ten="226,347,477,0" oya="0" hai0="69,111,82,50,101,70,117,55,106,56,125,127,35" hai1="123,68,74,45,61,78,39,90,42,107,85,53,135" hai2="129,0,121,99,2,76,87,49,92,109,40,122,94" hai3=""/><T120/><N who="0" m="30752" /><T80/><D35/><U119/><N who="1" m="31520" /><U124/><E119/><V112/><N who="2" m="31008" /><V41/><N who="2" m="31264" /><V131/><F112/><T98/><D117/><U114/><E107/><V37/><F37/><T91/><D111/><U126/><E135/><V51/><F109/><T79/><D91/><U108/><E108/><V88/><F76/><T1/><D1/><U57/><E114/><V103/><F0/><T36/><D36/><U34/><E34/><V64/><F64/><T46/><D56/><U3/><E3/><V73/><F73/><T133/><D133/><U67/><E74/><V95/><F94/><T116/><D116/><U75/><E75/><V72/><F72/><T58/><D58/><U96/><E96/><V43/><REACH who="2" step="1"/><F2/><REACH who="2" ten="226,347,467,0" step="2"/><T60/><D60/><U93/><REACH who="1" step="1"/><E78/><REACH who="1" ten="226,337,467,0" step="2"/><V54/><F54/><T59/><D79/><U52/><E52/><V71/><F71/><N who="0" m="27146" /><D59/><U44/><E44/><V128/><AGARI ba="0,2" hai="40,41,43,49,51,87,88,92,95,99,103,128,129,131" m="31264,31008" machi="128" ten="40,12000,3" yaku="1,1,0,1,19,1,52,4,54,1,53,0" doraHai="47" doraHaiUra="66" who="2" fromWho="2" sc="226,-80,337,-40,467,140,0,0" /><INIT seed="5,0,0,4,5,103" ten="146,297,607,0" oya="1" hai0="132,47,64,117,112,72,133,36,122,87,126,135,100" hai1="49,116,98,123,92,34,124,41,129,55,42,102,127" hai2="121,43,131,110,70,59,85,108,93,50,68,75,33" hai3=""/><U94/><N who="1" m="31520" /><U105/><E34/><V97/><N who="2" m="31008" /><V77/><F131/><T104/><D64/><U125/><E116/><V56/><F75/><T52/><D47/><U54/><E129/><V58/><F33/><T90/><D52/><N who="1" m="20011" /><E49/><V120/><N who="2" m="30752" /><V57/><F58/><T82/><D90/><U32/><E32/><V130/><F130/><T40/><D87/><U39/><E39/><V111/><F43/><AGARI ba="0,0" hai="41,42,43,92,94,98,102,105,124,125,127" m="20011,31520" machi="43" ten="40,12000,1" yaku="18,1,52,2,54,1" doraHai="103" who="1" fromWho="2" sc="146,0,297,120,607,-120,0,0" /><INIT seed="5,1,0,4,3,38" ten="146,417,487,0" oya="1" hai0="56,124,130,67,98,72,83,87,92,1,41,119,53" hai1="106,88,39,128,34,68,57,93,49,90,60,95,102" hai2="44,107,114,52,77,33,63,129,62,75,125,134,96" hai3=""/><U100/><E34/><V117/><F117/><T82/><D1/><U70/><E39/><V135/><F33/><T32/><D124/><U81/><E106/><V46/><F125/><T127/><D32/><U131/><E81/><V108/><F108/><T50/><D127/><U118/><E49/><V109/><F109/><T64/><D130/><U69/><E118/><V42/><F75/><T116/><D119/><U126/><E126/><V43/><F77/><T84/><D116/><U48/><E48/><V79/><F79/><T97/><D72/><U105/><E105/><V73/><F73/><T47/><D83/><U110/><E110/><V66/><F96/><T101/><D97/><U112/><E112/><V65/><F107/><T40/><D87/><U2/><E2/><V59/><F129/><N who="1" m="49737" /><E93/><V115/><F59/><T103/><D103/><N who="1" m="39467" /><E95/><V45/><F46/><T54/><D54/><AGARI ba="1,0" hai="54,57,60,68,69,70,88,90" m="39467,49737" machi="54" ten="40,3900,0" yaku="19,1,54,1" doraHai="38" who="1" fromWho="0" sc="146,-41,417,41,487,0,0,0" /><AGARI ba="1,0" hai="42,43,44,45,52,54,62,63,65,66,114,115,134,135" machi="54" ten="25,16000,3" yaku="22,2,34,3,52,2,54,1" doraHai="38" who="2" fromWho="0" sc="105,-160,458,0,487,160,0,0" owari="-55,-66.0,458,6.0,647,60.0,0,0.0" /></mjloggm>