<mjloggm ver="2.3"><GO type="169" lobby="0"/><UN n0="%E3%81%A1%E3%82%83%E3%81%93%E3%81%93" n1="%E7%89%8C%E5%BB%83%E4%BA%BA" n2="%E5%A4%95%E5%87%AA" n3="%65%76%67%6F%6D%65%73%31" dan="16,17,19,16" rate="2117.19,2142.02,2213.16,2069.37" sx="F,M,M,M"/><TAIKYOKU oya="0"/><INIT seed="0,0,0,0,4,94" ten="250,250,250,250" oya="0" hai0="21,95,72,1,86,89,85,2,93,71,60,45,87" hai1="31,74,63,117,121,58,76,83,105,106,26,23,96" hai2="110,108,59,104,101,5,7,90,67,27,128,52,41" hai3="39,46,103,10,112,135,19,123,47,127,30,130,22"/><T134/><D134/><U29/><E117/><V133/><F133/><W125/><G112/><T33/><D72/><U100/><E121/><V48/><F128/><W3/><G135/><T116/><D116/><U119/><E119/><V44/><F67/><W61/><G130/><T84/><D33/><U78/><E78/><V53/><F90/><W43/><G30/><T73/><D73/><U25/><E106/><V131/><F131/><W82/><G82/><T91/><D45/><U92/><E105/><V62/><F27/><W64/><G47/><T9/><D21/><U80/><E76/><V18/><F18/><W70/><G123/><T20/><D20/><N who="1" m="15527" /><E74/><V120/><F120/><W34/><G34/><T75/><D75/><U88/><E100/><V35/><F35/><W42/><G103/><T15/><D71/><U114/><E114/><V24/><F24/><W8/><G43/><T16/><REACH who="0" step="1"/><D60/><REACH who="0" ten="240,250,250,250" step="2"/><U14/><E14/><V12/><F12/><N who="3" m="9575" /><G3/><AGARI ba="0,1" hai="1,2,3,9,15,16,84,85,86,87,89,91,93,95" machi="3" ten="40,7700,0" yaku="1,1,9,1,54,1,53,0" doraHai="94" doraHaiUra="66" who="0" fromWho="3" sc="240,87,250,0,250,0,250,-77" /><INIT seed="0,1,0,1,5,36" ten="327,250,250,173" oya="0" hai0="127,30,119,116,6,86,15,41,44,72,111,105,35" hai1="32,67,22,46,12,102,109,122,21,98,103,115,34" hai2="54,27,49,134,112,71,96,82,78,64,83,57,0" hai3="93,8,107,68,63,28,131,130,47,40,104,101,19"/><T84/><D127/><U33/><E122/><V70/><F112/><W14/><G28/><T100/><D72/><U29/><E115/><V75/><F0/><W60/><G93/><T13/><D111/><U66/><E109/><V79/><F134/><W61/><G68/><T110/><D110/><U43/><E29/><V53/><F64/><W124/><G101/><T24/><D100/><U52/><E103/><V38/><F96/><W87/><G87/><T3/><D105/><U4/><E22/><V118/><F118/><W48/><REACH who="3" step="1"/><G124/><REACH who="3" ten="327,250,250,163" step="2"/><T77/><D84/><U89/><E102/><V25/><F71/><W76/><G76/><T58/><D77/><U132/><E98/><V5/><F70/><W39/><G39/><T133/><D86/><U2/><E89/><V80/><F38/><W106/><AGARI ba="1,1" hai="8,14,19,40,47,48,60,61,63,104,106,107,130,131" machi="106" ten="40,5200,0" yaku="1,1,0,1,52,1,53,0" doraHai="36" doraHaiUra="17" who="3" fromWho="3" sc="327,-27,250,-14,250,-14,163,65" /><INIT seed="1,0,0,0,3,72" ten="300,236,236,228" oya="1" hai0="85,86,45,90,110,4,49,17,5,40,15,23,10" hai1="12,82,88,35,43,60,27,131,65,116,25,11,8" hai2="101,95,30,67,21,76,52,75,97,134,133,33,127" hai3="14,100,31,16,7,132,13,108,120,122,106,121,73"/><U68/><E116/><V123/><F123/><W57/><G31/><T119/><D110/><U26/><E131/><V9/><F127/><W105/><G108/><T2/><D119/><U62/><E43/><V24/><F67/><W87/><G73/><T128/><D128/><U129/><E129/><V44/><F9/><W19/><G132/><N who="2" m="50793" /><F33/><W3/><G3/><T34/><D4/><U32/><E62/><V42/><F75/><W58/><G7/><T56/><D56/><U130/><E130/><V96/><F96/><W20/><G87/><T81/><D86/><U48/><E48/><N who="2" m="28679" /><F42/><W37/><G37/><T107/><D34/><U29/><E11/><V74/><F74/><W98/><REACH who="3" step="1"/><G106/><REACH who="3" ten="300,236,236,218" step="2"/><T115/><D107/><U63/><E35/><V22/><F22/><AGARI ba="0,1" hai="13,14,16,19,20,22,57,58,98,100,105,120,121,122" machi="22" ten="40,8000,1" yaku="1,1,2,1,9,1,54,1,53,0" doraHai="72" doraHaiUra="80" who="3" fromWho="2" sc="300,0,236,0,236,-80,218,90" /><INIT seed="2,0,0,1,2,114" ten="300,236,156,308" oya="2" hai0="35,60,45,6,64,32,107,120,115,90,54,72,102" hai1="124,68,77,18,73,82,113,40,4,47,49,132,76" hai2="9,98,16,31,129,88,103,2,96,56,106,128,44" hai3="30,81,127,134,75,70,135,100,83,133,53,20,123"/><V27/><F44/><W92/><G70/><T59/><D120/><U23/><E68/><V97/><F56/><W38/><G38/><T89/><D72/><U131/><E113/><V25/><F2/><W22/><G123/><T17/><D115/><U79/><E132/><V50/><F50/><W121/><G121/><T122/><D6/><U33/><E33/><V67/><F67/><W15/><G127/><T74/><D74/><U19/><E124/><V126/><F126/><W58/><G75/><T119/><D122/><U21/><E131/><V65/><F65/><W37/><G37/><T78/><D78/><U11/><E21/><V39/><F39/><W117/><G117/><T69/><D35/><U7/><E7/><V80/><F80/><W52/><G30/><T93/><D32/><U116/><E19/><V14/><F98/><N who="3" m="59463" /><G53/><T57/><D119/><U66/><E66/><V91/><F97/><W61/><G15/><T63/><D17/><U48/><E48/><V85/><F27/><W42/><G42/><T26/><D26/><U10/><E116/><V118/><F118/><W84/><G83/><T41/><D69/><U13/><REACH who="1" step="1"/><E11/><REACH who="1" ten="300,226,156,308" step="2"/><V111/><F129/><W101/><G20/><T109/><D64/><U112/><E112/><V36/><F128/><W62/><G22/><T125/><D125/><U5/><E5/><V110/><F36/><W55/><G134/><T34/><D34/><U104/><E104/><V28/><F28/><W87/><G135/><T12/><D107/><U94/><E94/><V24/><F31/><W95/><G133/><T108/><D93/><RYUUKYOKU ba="0,1" sc="300,-10,226,30,156,-10,308,-10" hai1="4,10,13,18,23,40,47,49,73,76,77,79,82" /><INIT seed="3,1,1,5,0,62" ten="290,256,146,298" oya="3" hai0="125,10,27,127,7,115,9,29,117,39,89,121,61" hai1="131,25,70,103,32,38,102,43,113,83,57,50,49" hai2="72,21,123,60,0,79,2,133,109,12,20,108,119" hai3="54,81,17,3,132,73,15,33,124,76,36,110,56"/><W35/><G3/><T4/><D121/><U105/><E113/><V6/><F72/><W114/><G114/><T118/><D39/><U5/><E5/><N who="0" m="2121" /><D89/><U22/><E70/><V65/><F79/><W63/><G132/><T134/><D61/><U69/><E69/><V122/><F119/><N who="0" m="45578" /><D134/><U42/><E32/><V112/><F112/><W93/><G124/><N who="0" m="47691" /><D115/><U116/><E38/><V24/><F133/><W37/><G110/><N who="2" m="42601" /><F60/><W94/><G37/><T99/><D99/><U13/><E50/><V18/><F65/><W130/><G36/><T41/><D41/><U92/><E49/><V95/><F95/><W90/><G94/><T31/><D27/><U74/><E92/><V71/><F71/><W11/><REACH who="3" step="1"/><G130/><REACH who="3" ten="290,256,146,288" step="2"/><T106/><D106/><U64/><E131/><V88/><F2/><W55/><G55/><T23/><D23/><U129/><E22/><V28/><F123/><W91/><G91/><T66/><D66/><U58/><E64/><V68/><F122/><W96/><AGARI ba="1,2" hai="11,15,17,33,35,54,56,63,73,76,81,90,93,96" machi="96" ten="20,3900,0" yaku="1,1,0,1,7,1,53,0" doraHai="62" doraHaiUra="45" who="3" fromWho="3" sc="290,-14,256,-14,146,-14,288,62" /><INIT seed="3,2,0,4,5,38" ten="276,242,132,350" oya="3" hai0="125,95,97,5,21,10,46,66,3,99,62,133,134" hai1="37,81,1,6,69,68,25,75,82,71,128,0,9" hai2="8,101,86,30,108,32,36,35,31,64,45,110,98" hai3="63,59,22,34,43,57,89,93,40,65,100,91,83"/><W50/><G34/><T124/><D21/><U29/><E128/><V4/><F86/><W78/><G89/><T113/><D113/><U12/><E37/><V106/><F31/><W116/><G100/><N who="0" m="60479" /><D46/><U2/><REACH who="1" step="1"/><E75/><REACH who="1" ten="276,232,132,350" step="2"/><V130/><F130/><W87/><G116/><T117/><D117/><U88/><E88/><V104/><F110/><W44/><G22/><AGARI ba="2,1" hai="0,1,2,6,9,12,22,25,29,68,69,71,81,82" machi="22" ten="50,3200,0" yaku="1,1,53,1" doraHai="38" doraHaiUra="24" who="1" fromWho="3" sc="276,0,232,48,132,0,350,-38" /><INIT seed="4,0,0,5,5,74" ten="276,280,132,312" oya="0" hai0="31,106,4,108,123,37,78,79,132,12,54,15,23" hai1="86,114,99,36,59,133,43,50,109,14,92,89,5" hai2="124,38,27,0,127,61,129,76,93,84,47,30,7" hai3="49,70,88,131,34,135,51,120,94,11,19,44,41"/><T95/><D123/><U65/><E109/><V25/><F129/><W97/><G34/><T128/><D106/><U111/><E111/><V46/><F0/><W16/><G131/><T102/><D37/><U117/><E117/><V67/><F7/><W26/><G70/><T13/><D128/><U105/><E36/><V53/><F27/><W72/><G72/><T100/><D132/><U121/><E121/><V77/><F93/><W62/><G120/><T22/><D4/><U101/><E133/><V81/><F53/><W83/><G135/><T112/><D112/><U98/><E114/><V6/><F6/><W57/><G51/><T68/><D68/><U118/><E118/><V96/><F96/><W20/><G83/><T104/><D104/><U126/><E126/><V24/><F24/><W64/><G11/><T90/><D54/><U115/><E115/><V39/><F39/><W28/><AGARI ba="0,0" hai="16,19,20,26,28,41,44,49,57,62,64,88,94,97" machi="28" ten="20,8000,1" yaku="0,1,7,1,8,1,54,2" doraHai="74" who="3" fromWho="3" sc="276,-40,280,-20,132,-20,312,80" /><INIT seed="5,0,0,2,4,73" ten="236,260,112,392" oya="1" hai0="32,8,79,134,88,4,10,125,5,116,47,128,50" hai1="34,59,65,85,84,74,1,133,108,130,58,110,37" hai2="19,129,69,26,6,96,98,48,31,68,43,27,0" hai3="15,115,42,44,49,28,113,25,2,57,86,87,52"/><U101/><E34/><V64/><F129/><W38/><G2/><T122/><D116/><U29/><E1/><V94/><F0/><W102/><G102/><T71/><D71/><U22/><E37/><V61/><F6/><W76/><G15/><T55/><D122/><U53/><E74/><V135/><F135/><W83/><REACH who="3" step="1"/><G87/><REACH who="3" ten="236,260,112,382" step="2"/><T54/><D134/><U21/><E133/><V118/><F118/><W104/><G104/><T78/><D128/><U24/><E101/><V114/><F98/><W13/><G13/><T46/><D125/><U119/><E119/><V112/><F96/><W56/><G56/><T72/><D72/><U92/><E130/><V70/><F70/><W90/><G90/><T82/><D88/><U106/><E106/><V105/><F69/><W117/><G117/><T80/><REACH who="0" step="1"/><D32/><AGARI ba="0,1" hai="25,28,32,38,42,44,49,52,57,76,83,86,113,115" machi="32" ten="40,5200,0" yaku="1,1,52,1,54,1,53,0" doraHai="73" doraHaiUra="127" who="3" fromWho="0" sc="236,-52,260,0,112,0,382,62" /><INIT seed="6,0,0,5,2,122" ten="184,260,112,444" oya="2" hai0="31,25,102,59,123,34,54,73,52,80,3,14,43" hai1="99,9,65,1,90,92,41,101,74,130,116,15,96" hai2="114,12,37,107,106,2,135,124,36,10,26,0,67" hai3="62,108,44,111,7,119,76,85,68,121,5,117,125"/><V40/><F67/><W4/><G121/><T89/><D3/><N who="2" m="1066" /><F40/><W45/><G125/><T105/><D123/><U97/><E65/><V72/><F124/><W131/><G76/><T81/><D43/><U28/><E41/><V60/><F60/><W127/><G85/><T79/><D102/><U55/><E55/><V24/><F135/><W110/><G127/><T23/><D105/><N who="2" m="39946" /><F114/><W126/><G126/><T134/><D134/><U77/><E1/><V70/><F12/><W57/><G68/><T48/><D54/><U95/><E15/><V71/><F10/><W113/><G113/><T94/><D14/><U20/><E9/><V86/><F86/><W39/><G62/><T19/><D73/><U35/><E74/><V18/><F18/><W133/><G133/><T6/><D19/><U38/><E97/><V109/><F72/><W93/><G93/><T51/><D94/><U82/><E96/><V69/><F109/><W21/><G110/><T16/><D89/><U17/><E95/><V42/><F42/><W53/><G108/><T118/><D51/><U47/><E99/><V46/><F46/><W88/><G45/><T78/><D48/><U32/><E47/><V64/><F64/><W49/><G44/><T29/><D52/><U129/><E92/><V103/><F103/><W84/><G53/><T87/><D87/><U66/><E66/><V58/><F58/><W91/><G111/><T56/><D59/><U132/><E101/><V8/><F8/><W112/><G112/><T22/><D56/><U128/><E132/><V13/><F13/><W83/><G84/><RYUUKYOKU ba="0,0" sc="184,-10,260,-10,112,30,444,-10" hai2="24,26,36,37,69,70,71" /><INIT seed="6,1,0,0,5,93" ten="174,250,142,434" oya="2" hai0="98,76,24,112,36,102,101,92,72,127,70,57,115" hai1="122,108,87,35,118,132,65,30,54,0,52,77,116" hai2="121,107,67,69,89,61,23,27,18,55,2,38,17" hai3="96,63,5,53,47,6,48,37,7,51,33,91,84"/><V125/><F121/><W90/><G33/><T34/><D70/><U111/><E0/><V3/><F38/><W79/><G37/><T109/><D36/><U22/><E35/><V40/><F40/><N who="3" m="24679" /><G63/><T62/><D109/><N who="1" m="42059" /><E77/><V58/><F107/><W81/><G96/><N who="0" m="59527" /><D127/><U86/><E22/><V60/><F125/><W110/><G110/><T130/><D130/><U49/><E30/><V74/><F74/><W16/><G16/><T26/><D76/><U100/><E100/><V20/><REACH who="2" step="1"/><F89/><REACH who="2" ten="174,250,132,434" step="2"/><W133/><G133/><T129/><D72/><U120/><E132/><V50/><F50/><W12/><G12/><AGARI ba="1,1" hai="2,3,12,17,18,20,23,27,55,58,60,61,67,69" machi="12" ten="30,2900,0" yaku="1,1,7,1,53,0" doraHai="93" doraHaiUra="128" who="2" fromWho="3" sc="174,0,250,0,132,42,434,-32" /><INIT seed="6,2,0,1,0,123" ten="174,250,174,402" oya="2" hai0="60,106,40,1,34,104,132,76,112,77,14,25,35" hai1="131,78,36,43,42,75,3,91,127,52,89,11,0" hai2="33,13,109,50,94,117,30,39,114,16,120,93,18" hai3="130,125,59,107,28,65,73,66,83,46,101,29,44"/><V9/><F117/><W7/><G130/><T115/><D1/><U119/><E119/><V113/><F120/><W99/><G125/><T61/><D14/><U124/><E131/><V86/><F39/><W53/><G7/><T105/><D40/><U58/><E89/><N who="2" m="53431" /><F33/><N who="0" m="12298" /><D25/><U62/><E91/><V116/><F116/><W70/><G73/><T6/><D6/><N who="1" m="1479" /><E3/><V90/><F30/><W41/><G83/><T102/><D102/><U74/><E74/><V100/><F100/><W48/><G70/><T54/><D54/><U37/><E37/><V2/><F2/><W4/><G4/><T27/><D27/><U111/><E43/><V134/><F18/><W68/><G46/><T79/><D132/><U122/><E122/><V47/><F134/><W38/><G66/><T87/><D87/><U133/><E133/><V81/><F81/><W118/><G118/><T110/><D110/><U80/><E111/><V17/><F109/><W71/><G71/><T51/><D51/><U126/><E42/><N who="2" m="24951" /><F17/><W49/><G49/><T63/><AGARI ba="2,0" hai="60,61,63,76,77,79,104,105,106,112,115" m="12298" machi="63" ten="50,8000,1" yaku="29,2,28,2" doraHai="123" who="0" fromWho="0" sc="174,86,250,-22,174,-42,402,-22" /><INIT seed="7,0,0,1,2,83" ten="260,228,132,380" oya="3" hai0="124,1,25,17,128,92,72,78,41,118,45,68,19" hai1="53,108,74,109,46,27,114,105,4,71,104,42,21" hai2="49,85,69,2,130,23,84,107,111,6,43,88,67" hai3="36,40,18,73,31,12,134,97,96,86,103,121,65"/><W125/><G73/><T34/><D118/><U112/><E74/><V35/><F111/><N who="1" m="42569" /><E4/><V75/><F75/><W94/><G31/><T122/><D122/><U58/><E21/><V126/><F35/><W100/><G125/><T87/><D68/><U56/><E27/><V13/><F126/><W119/><G134/><T8/><D128/><U77/><E77/><V135/><F107/><N who="1" m="41033" /><E71/><V38/><F38/><W59/><G119/><T55/><D55/><U5/><E5/><V29/><F135/><W123/><G40/><T98/><D25/><U120/><E53/><V0/><F130/><W117/><G36/><T28/><D28/><U91/><E91/><V64/><F69/><W132/><G117/><T16/><D34/><U10/><E10/><N who="2" m="4311" /><F2/><W63/><G132/><T115/><D1/><U32/><E32/><V133/><F0/><W61/><G61/><T90/><D72/><U116/><E116/><V44/><F133/><W70/><G123/><T30/><D30/><U95/><E120/><V80/><F29/><W102/><G121/><T93/><D124/><U14/><E114/><V113/><F113/><W57/><G70/><T129/><D115/><U54/><E112/><V99/><F99/><W39/><G39/><T33/><D33/><U7/><E7/><V79/><F23/><N who="3" m="11719" /><G57/><T101/><D129/><U106/><E58/><V22/><F22/><W66/><G59/><T26/><D8/><U131/><E56/><V11/><F11/><W60/><G65/><T62/><D98/><U110/><E110/><V9/><F9/><W82/><G96/><N who="0" m="59527" /><D45/><U76/><E46/><RYUUKYOKU ba="0,0" sc="260,-10,228,-10,132,30,380,-10" hai2="43,44,49,64,67,79,80,84,85,88" owari="250,5.0,218,-18.0,162,-34.0,370,47.0" /></mjloggm>