<mjloggm ver="2.3"><GO type="169" lobby="0"/><UN n0="%E9%95%B7%E5%B2%A1" n1="%E3%81%8B%E3%82%8A%E6%A2%85" n2="%E3%82%A4%E3%82%BA%E3%83%9F%E3%83%B3" n3="%E5%AE%89%E6%96%8E" dan="19,16,16,17" rate="2188.30,2106.01,2087.98,2189.62" sx="M,M,M,M"/><TAIKYOKU oya="0"/><INIT seed="0,0,0,4,4,0" ten="250,250,250,250" oya="0" hai0="10,16,57,4,89,61,103,34,21,106,65,54,59" hai1="60,117,43,81,113,119,17,11,52,53,3,42,84" hai2="45,132,102,90,28,20,68,97,27,56,74,131,120" hai3="5,64,37,22,86,105,50,122,46,51,49,40,129"/><T110/><D34/><U130/><E130/><V116/><F68/><W118/><G118/><T111/><D89/><U87/><E113/><V91/><F120/><W13/><G105/><T6/><D103/><U99/><E99/><V112/><F112/><W79/><G129/><T96/><D96/><U107/><E107/><V71/><F71/><W134/><G134/><T78/><D78/><U36/><E36/><V8/><F74/><W47/><G122/><T41/><D41/><U25/><E25/><V109/><F132/><W66/><G46/><T9/><D106/><U39/><E39/><V95/><F109/><N who="0" m="41482" /><D10/><U48/><E81/><V70/><F70/><W14/><G79/><T26/><D9/><U123/><E11/><V72/><F72/><W80/><G80/><T98/><D98/><U15/><E87/><V62/><F116/><W76/><G86/><T67/><D67/><U19/><E84/><V82/><F82/><W1/><G76/><T88/><D88/><U30/><E43/><V126/><F8/><N who="3" m="4239" /><G1/><T77/><D77/><U63/><E3/><V32/><F32/><W58/><G66/><T7/><D7/><U85/><E42/><V18/><F131/><W55/><G64/><T121/><D121/><U108/><E123/><V38/><F91/><W93/><G93/><T2/><D2/><U128/><E128/><V12/><F90/><W33/><G33/><T83/><D83/><U104/><E108/><V69/><F102/><W35/><G35/><T31/><D31/><U23/><E117/><V100/><F100/><W133/><G133/><T94/><D94/><RYUUKYOKU ba="0,0" sc="250,15,250,-15,250,-15,250,15" hai0="4,6,16,21,26,54,57,59,61,65" hai3="14,22,37,40,47,49,50,51,55,58" /><INIT seed="0,1,0,2,4,38" ten="265,235,235,265" oya="0" hai0="43,49,56,50,52,74,131,134,10,34,13,120,126" hai1="28,70,15,101,85,72,84,61,95,91,27,111,124" hai2="122,123,33,59,12,29,108,132,77,45,62,128,96" hai3="65,114,54,26,22,31,55,71,53,4,44,102,93"/><T90/><D120/><U23/><E111/><V25/><F108/><W1/><G114/><T92/><D34/><U64/><E124/><V57/><F132/><W21/><G1/><T103/><D74/><U133/><E133/><V68/><F128/><W105/><G105/><T66/><D134/><U135/><E135/><V82/><F96/><N who="3" m="59663" /><G71/><T100/><D126/><U0/><E0/><V18/><F68/><W24/><G65/><T80/><D80/><U40/><E72/><V75/><F45/><W117/><G4/><N who="0" m="3271" /><D66/><U14/><E101/><V78/><F78/><W58/><G117/><T11/><D11/><U118/><E118/><V86/><F75/><W107/><G107/><T16/><D16/><U36/><REACH who="1" step="1"/><E85/><REACH who="1" ten="265,225,235,265" step="2"/><V39/><F122/><W20/><G44/><AGARI ba="1,1" hai="14,15,23,27,28,36,40,44,61,64,70,84,91,95" machi="44" ten="40,8000,1" yaku="1,1,2,1,52,1,53,1" doraHai="38" doraHaiUra="83" who="1" fromWho="3" sc="265,0,225,93,235,0,265,-83" /><INIT seed="1,0,0,1,2,132" ten="265,318,235,182" oya="1" hai0="87,50,42,90,54,83,2,64,52,76,116,22,97" hai1="15,81,82,127,106,78,33,28,9,103,57,24,119" hai2="96,58,44,80,30,68,125,89,100,12,128,34,47" hai3="13,26,104,21,122,110,109,114,130,65,113,126,101"/><U94/><E119/><V108/><F68/><W27/><G65/><T5/><D116/><U120/><E120/><V37/><F108/><N who="3" m="41579" /><G104/><T18/><D64/><U6/><E106/><V48/><F12/><W77/><G77/><T70/><D70/><U98/><E78/><V59/><F128/><W133/><G101/><T95/><D2/><U29/><E29/><V124/><F30/><W23/><G122/><T117/><D5/><U3/><E3/><V115/><F34/><W74/><G74/><T118/><D118/><U8/><E8/><V40/><F80/><W35/><G133/><T93/><D95/><U69/><E69/><V86/><F86/><W60/><G60/><T11/><D11/><U72/><E72/><V55/><F89/><W67/><G67/><T79/><D117/><U61/><E127/><N who="2" m="48715" /><F115/><N who="3" m="44043" /><G126/><T112/><D112/><U63/><E63/><V49/><F37/><W129/><G35/><T135/><D79/><U53/><AGARI ba="0,0" hai="6,9,15,24,28,33,53,57,61,81,82,94,98,103" machi="53" ten="20,2100,0" yaku="0,1,7,1" doraHai="132" who="1" fromWho="1" sc="265,-7,318,21,235,-7,182,-7" /><INIT seed="1,1,0,2,1,64" ten="258,339,228,175" oya="1" hai0="95,111,35,48,123,51,3,31,93,23,121,24,38" hai1="1,90,29,9,22,126,74,26,7,85,5,122,59" hai2="44,106,114,49,99,103,20,72,124,117,94,27,56" hai3="2,130,54,107,115,80,96,47,46,73,30,132,71"/><U58/><E122/><N who="0" m="46601" /><D38/><U84/><E126/><V86/><F117/><W57/><G115/><T110/><D3/><U11/><E74/><V25/><F72/><W18/><G2/><T87/><D35/><U112/><E112/><V8/><F124/><W13/><G132/><T131/><D131/><U134/><E134/><V40/><F8/><W50/><G130/><T113/><D113/><U10/><E85/><V41/><F27/><W75/><G30/><T82/><D95/><U116/><E116/><V133/><F133/><W42/><G80/><T83/><D93/><U76/><E76/><V15/><F15/><W6/><G6/><N who="1" m="2058" /><E1/><V109/><F114/><W4/><G4/><T118/><D118/><U66/><E66/><V77/><F56/><W14/><G14/><T127/><D127/><U32/><E32/><V100/><F100/><W17/><G46/><T53/><D82/><AGARI ba="1,0" hai="9,10,11,22,26,29,58,59,82,84,90" m="2058" machi="82" ten="30,1500,0" yaku="8,1" doraHai="64" who="1" fromWho="0" sc="258,-18,339,18,228,0,175,0" /><INIT seed="1,2,0,3,1,122" ten="240,357,228,175" oya="1" hai0="6,41,24,132,51,18,133,103,71,79,62,4,131" hai1="26,47,59,82,84,3,125,45,46,2,69,53,115" hai2="40,9,75,43,39,90,76,54,31,1,126,63,65" hai3="50,10,86,55,57,114,104,81,30,130,42,70,106"/><U107/><E115/><V95/><F54/><W67/><G114/><T121/><D131/><U89/><E125/><V77/><F31/><W29/><G130/><T12/><D103/><U78/><E69/><V17/><F126/><W58/><G70/><T34/><D79/><U120/><E120/><V110/><F75/><W68/><G68/><T123/><D24/><U66/><E66/><V97/><F40/><W116/><G116/><T127/><D34/><U64/><E64/><V98/><F98/><W118/><G118/><T74/><D74/><U135/><E135/><N who="0" m="51785" /><D127/><U83/><E26/><V7/><F17/><W33/><G33/><T37/><D37/><U22/><E22/><V112/><F112/><W96/><G104/><T32/><D32/><U111/><E107/><V102/><F102/><W36/><G106/><T28/><D28/><U56/><E56/><V11/><F11/><W20/><G36/><T94/><D123/><U35/><E35/><V38/><F38/><W44/><G29/><T87/><D71/><U85/><REACH who="1" step="1"/><E111/><REACH who="1" ten="240,347,228,175" step="2"/><V101/><F110/><W61/><G20/><T91/><D121/><U5/><E5/><V93/><F65/><W15/><G67/><T60/><D6/><U25/><E25/><V0/><F7/><N who="3" m="3551" /><G58/><T134/><D4/><U48/><AGARI ba="2,1" hai="2,3,45,46,47,48,53,59,78,82,83,84,85,89" machi="48" ten="30,3000,0" yaku="1,1,0,1,53,0" doraHai="122" doraHaiUra="100" who="1" fromWho="1" sc="240,-12,347,46,228,-12,175,-12" /><INIT seed="1,3,0,2,1,71" ten="228,393,216,163" oya="1" hai0="100,83,84,11,56,41,78,97,5,52,117,51,107" hai1="69,79,39,58,112,94,108,95,33,57,119,21,10" hai2="103,37,81,127,49,31,125,126,96,45,110,132,32" hai3="0,35,15,40,22,60,70,88,47,54,48,59,1"/><U24/><E112/><V82/><F110/><W50/><G35/><T27/><D117/><U86/><E119/><V109/><F109/><W121/><G121/><T123/><D123/><U72/><E72/><V93/><F132/><W2/><G70/><T85/><D27/><U92/><E108/><V9/><F9/><W105/><G105/><T98/><D97/><U114/><E33/><V6/><F6/><W30/><G15/><T29/><D29/><U118/><E118/><V63/><F63/><W99/><G22/><T128/><D128/><U16/><E114/><V76/><F76/><W116/><G30/><T68/><D68/><U66/><E39/><V133/><F37/><W131/><G116/><T14/><REACH who="0" step="1"/><D41/><REACH who="0" ten="218,393,216,163" step="2"/><U4/><E69/><V42/><F133/><W111/><G131/><T7/><D7/><U122/><E122/><V61/><F31/><W124/><G111/><T89/><D89/><U26/><E26/><V106/><F32/><W90/><G124/><T13/><D13/><U36/><E24/><V104/><F125/><W130/><G130/><T67/><D67/><U62/><E66/><V23/><F126/><W134/><G134/><T12/><D12/><U25/><E25/><V91/><F127/><W28/><G28/><T113/><D113/><U17/><E4/><V115/><F115/><W101/><G101/><T8/><D8/><U135/><E10/><V102/><F102/><W44/><REACH who="3" step="1"/><G99/><REACH who="3" ten="218,393,216,153" step="2"/><T19/><D19/><U120/><E16/><V38/><F103/><W46/><G46/><T77/><D77/><U20/><E17/><V55/><F45/><RYUUKYOKU ba="3,2" sc="218,15,393,-15,216,-15,153,15" hai0="5,11,14,51,52,56,78,83,84,85,98,100,107" hai3="0,1,2,40,44,47,48,50,54,59,60,88,90" /><INIT seed="2,4,2,1,0,79" ten="233,378,201,168" oya="2" hai0="91,39,19,119,99,17,27,92,110,6,90,51,124" hai1="111,97,16,11,134,113,43,108,58,103,32,57,53" hai2="47,44,13,93,86,40,127,88,9,66,24,70,83" hai3="118,31,133,105,63,65,46,4,82,87,135,130,89"/><V74/><F127/><W126/><G118/><T59/><D39/><U2/><E113/><V55/><F24/><W129/><G105/><T38/><D38/><U37/><E32/><V112/><F112/><W114/><G114/><T73/><D73/><U41/><E57/><V115/><F115/><W75/><G31/><T72/><D72/><U96/><E96/><V125/><F125/><W29/><G126/><T71/><D71/><U62/><E134/><N who="3" m="51210" /><G29/><T50/><D124/><U12/><E2/><V68/><F55/><W67/><G4/><T14/><D110/><N who="1" m="42027" /><E37/><V131/><F131/><N who="3" m="50187" /><G63/><T42/><D119/><U54/><E53/><V1/><F1/><W10/><G10/><N who="0" m="4439" /><D27/><U100/><E100/><V45/><F40/><W123/><G123/><T107/><D107/><AGARI ba="4,2" hai="11,12,16,41,43,54,58,62,97,103,107" m="42027" machi="107" ten="30,2000,0" yaku="14,1,54,1" doraHai="79" who="1" fromWho="0" sc="233,-32,378,52,201,0,168,0" /><INIT seed="3,0,0,1,0,124" ten="201,430,201,168" oya="3" hai0="39,15,128,131,76,49,94,66,51,127,108,30,119" hai1="71,13,3,14,81,18,84,65,61,56,88,27,133" hai2="111,79,26,85,78,109,64,73,11,10,0,101,70" hai3="63,129,102,23,103,68,58,20,120,42,86,106,37"/><W91/><G120/><T107/><D119/><U2/><E133/><V25/><F101/><W22/><G68/><T116/><D116/><U7/><E27/><V32/><F32/><W110/><G110/><T69/><D107/><U105/><E105/><V118/><F85/><W43/><G129/><N who="0" m="49739" /><D108/><U113/><E113/><V53/><F53/><N who="3" m="34255" /><G106/><T41/><D127/><U9/><E71/><V54/><F70/><W16/><G37/><T62/><D30/><U28/><E28/><V17/><F118/><W21/><G42/><T57/><D76/><U34/><E34/><V80/><F79/><W52/><G43/><T19/><D94/><U47/><E47/><V59/><F78/><W89/><G52/><T35/><D35/><U6/><E6/><V5/><F54/><W130/><G130/><T117/><D117/><U67/><E65/><V75/><F64/><W82/><G91/><T100/><D100/><U33/><E33/><V50/><F109/><W83/><G83/><T48/><D69/><U132/><E132/><V24/><F80/><W96/><G96/><T45/><D39/><U115/><E115/><V95/><F95/><W92/><G82/><T87/><D87/><U46/><E84/><V12/><F111/><W1/><G1/><T90/><D90/><U31/><E88/><V29/><F29/><W112/><G112/><T126/><D126/><U97/><E31/><V99/><F99/><W104/><G104/><T74/><D74/><U8/><E97/><V38/><F38/><W60/><G60/><T44/><D41/><U77/><E81/><V123/><F73/><RYUUKYOKU ba="0,0" sc="201,15,430,-15,201,-15,168,15" hai0="15,19,44,45,48,49,51,57,62,66" hai3="16,20,21,22,23,86,89,92,102,103" /><INIT seed="3,1,0,5,2,86" ten="216,415,186,183" oya="3" hai0="122,47,2,38,59,17,61,92,102,89,34,103,54" hai1="66,109,24,115,57,49,90,63,117,119,111,88,99" hai2="87,28,3,45,85,130,22,106,9,23,19,26,71" hai3="5,44,100,11,114,51,110,113,120,8,7,93,29"/><W126/><G120/><T104/><D104/><U105/><E115/><V70/><F106/><W4/><G126/><T135/><D34/><U101/><E24/><V78/><F130/><W32/><G110/><N who="1" m="41994" /><E49/><V107/><F107/><W97/><G32/><T77/><D2/><U79/><E79/><V73/><F73/><W75/><G75/><T20/><D135/><U30/><E30/><V131/><F131/><W13/><G29/><T16/><D77/><U69/><E69/><V74/><F74/><W123/><G123/><T62/><D61/><U91/><AGARI ba="1,0" hai="57,63,66,88,90,91,99,101,105,117,119" m="41994" machi="91" ten="40,8000,1" yaku="14,1,52,3,54,1" doraHai="86" who="1" fromWho="1" sc="216,-21,415,83,186,-21,183,-41" /><INIT seed="4,0,0,5,2,17" ten="195,498,165,142" oya="0" hai0="64,104,25,56,111,85,71,92,79,124,45,133,28" hai1="37,60,98,2,116,75,16,15,134,118,130,34,1" hai2="82,70,32,46,86,47,115,128,119,43,8,132,29" hai3="4,102,106,59,41,121,113,65,88,89,114,125,103"/><T14/><D104/><U93/><E134/><V94/><F70/><W81/><G41/><T68/><D133/><U27/><E37/><V100/><F132/><W36/><G36/><T80/><D124/><U58/><E75/><V110/><F110/><W33/><G33/><T135/><D135/><U10/><E130/><V69/><F69/><W19/><G4/><T13/><D111/><U39/><E39/><V21/><F128/><W66/><G125/><T126/><D126/><U7/><E2/><V101/><F32/><W52/><G121/><T62/><D45/><U96/><E96/><V31/><F8/><W9/><G9/><T44/><D44/><U67/><E34/><V78/><F47/><W55/><G19/><T87/><D68/><U42/><E42/><V50/><F115/><N who="3" m="44043" /><G55/><T38/><D71/><U84/><E84/><V122/><F119/><W54/><G54/><T48/><D48/><U63/><E63/><V6/><F6/><W40/><G40/><T30/><D38/><U35/><E35/><V91/><F122/><W123/><G123/><T131/><D131/><U22/><E1/><V20/><F31/><N who="0" m="11818" /><D25/><U11/><E11/><V127/><F29/><W77/><G106/><T5/><D5/><U108/><E108/><V90/><F127/><W117/><G117/><T61/><D61/><U112/><E112/><V73/><REACH who="2" step="1"/><F91/><AGARI ba="0,0" hai="13,14,56,62,64,79,80,85,87,91,92" m="11818" machi="91" ten="30,1500,0" yaku="8,1" doraHai="17" who="0" fromWho="2" sc="195,15,498,0,165,-15,142,0" /><AGARI ba="0,0" hai="7,10,15,16,22,27,58,60,67,91,93,98,116,118" machi="91" ten="30,3900,0" yaku="7,1,52,1,54,1" doraHai="17" who="1" fromWho="2" sc="210,0,498,39,150,-39,142,0" /><INIT seed="4,1,0,0,4,49" ten="210,537,111,142" oya="0" hai0="125,72,129,47,132,85,51,52,24,106,21,100,15" hai1="107,116,2,78,94,19,12,22,43,8,54,35,74" hai2="92,89,38,75,130,37,69,57,16,79,28,64,27" hai3="26,126,122,45,30,46,5,128,135,67,3,50,91"/><T58/><D72/><U33/><E116/><V34/><F130/><W84/><G128/><T110/><D129/><U90/><E107/><V127/><F127/><W112/><G126/><T111/><D125/><U39/><E39/><V80/><F69/><W6/><G112/><T105/><D132/><U1/><E43/><V40/><F40/><W104/><G104/><T120/><D120/><U62/><E78/><V114/><F114/><W65/><G45/><T83/><D15/><U118/><E74/><V31/><F31/><W29/><G135/><T86/><D47/><U59/><E118/><V131/><F131/><W36/><G36/><T76/><D86/><U133/><E133/><V56/><F56/><W4/><G3/><T25/><D24/><N who="1" m="14431" /><E2/><V98/><F64/><N who="3" m="24651" /><G26/><T23/><D21/><U70/><E70/><V9/><REACH who="2" step="1"/><F57/><REACH who="2" ten="210,537,101,142" step="2"/><W63/><G122/><T71/><D71/><U73/><E59/><V88/><F88/><W55/><G63/><T44/><D58/><U123/><E90/><V102/><F102/><W14/><G14/><AGARI ba="1,1" hai="9,14,16,27,28,34,37,38,75,79,80,89,92,98" machi="14" ten="40,2600,0" yaku="1,1,54,1,53,0" doraHai="49" doraHaiUra="119" who="2" fromWho="3" sc="210,0,537,0,101,39,142,-29" /><INIT seed="5,0,0,3,5,133" ten="210,537,140,113" oya="1" hai0="42,120,37,69,64,53,135,54,13,19,102,45,56" hai1="1,21,65,5,3,57,92,18,14,101,94,88,52" hai2="63,80,76,126,36,75,124,20,77,6,131,51,23" hai3="50,66,98,97,68,27,116,134,38,67,46,0,93"/><U85/><E65/><V12/><F36/><W99/><G134/><T121/><D102/><U61/><REACH who="1" step="1"/><E5/><REACH who="1" ten="210,527,140,113" step="2"/><V55/><F131/><W28/><G66/><T123/><D135/><U31/><E31/><V60/><F6/><W39/><G67/><T47/><D69/><U33/><E33/><V83/><F60/><W11/><G68/><T16/><D19/><U32/><E32/><V130/><F63/><W25/><G28/><T86/><D64/><U117/><E117/><V127/><F130/><W72/><G116/><T48/><D16/><U112/><E112/><V73/><F12/><W17/><G17/><T30/><D13/><U34/><E34/><V129/><F129/><W106/><G27/><T74/><D30/><U58/><E58/><AGARI ba="0,1" hai="20,23,51,55,58,73,75,76,77,80,83,124,126,127" machi="58" ten="40,8000,1" yaku="9,1,18,1,52,3" doraHai="133" who="2" fromWho="1" sc="210,0,527,-80,140,90,113,0" /><INIT seed="6,0,0,0,1,9" ten="210,447,230,113" oya="2" hai0="16,130,105,47,5,70,93,134,57,60,42,121,40" hai1="18,23,119,85,72,83,112,97,12,48,58,135,67" hai2="133,71,96,117,77,46,29,63,127,88,33,21,82" hai3="80,123,44,24,107,87,68,101,8,49,15,81,109"/><V108/><F117/><W125/><G109/><T120/><D105/><U7/><E119/><V35/><F108/><W3/><G123/><T62/><D70/><U11/><E72/><V128/><F46/><W99/><G125/><T104/><D104/><U118/><E118/><V74/><F127/><W86/><G68/><T56/><D93/><U98/><E112/><V76/><F76/><W27/><G3/><T113/><D5/><U17/><E135/><V22/><F128/><W64/><G64/><T31/><D31/><U1/><E17/><V53/><F133/><W132/><G86/><T14/><D47/><U6/><E6/><V90/><F53/><W92/><G107/><T122/><D122/><U116/><E116/><V75/><F96/><W111/><G111/><T66/><D66/><U73/><E73/><V110/><F110/><W51/><G81/><T94/><D94/><U55/><E67/><V36/><F36/><W43/><G51/><T13/><D134/><U39/><E39/><V32/><F75/><W78/><REACH who="3" step="1"/><G132/><REACH who="3" ten="210,447,230,103" step="2"/><T114/><D130/><U126/><E126/><V124/><F124/><W45/><G45/><T41/><D40/><U129/><E129/><V84/><F71/><W79/><G79/><AGARI ba="0,1" hai="1,7,11,12,18,23,48,55,58,79,83,85,97,98" machi="79" ten="30,2000,0" yaku="7,1,52,1" doraHai="9" who="1" fromWho="3" sc="210,0,447,30,230,0,103,-20" /><INIT seed="7,0,0,1,5,134" ten="210,477,230,83" oya="3" hai0="85,26,30,70,27,35,128,22,46,8,37,124,20" hai1="15,121,64,57,135,32,69,44,38,6,56,66,1" hai2="125,77,41,114,119,84,75,51,62,91,7,102,4" hai3="111,34,3,50,116,101,68,90,100,43,52,76,5"/><W115/><G116/><T23/><D70/><U18/><E121/><V47/><F102/><W78/><G115/><T55/><D128/><U19/><E69/><V72/><F114/><W25/><G68/><T0/><D37/><U10/><E32/><V73/><F77/><W45/><G111/><T9/><D46/><U12/><E1/><V17/><F62/><W39/><G90/><T129/><D55/><U105/><E105/><V24/><F125/><W96/><G101/><T109/><D85/><U33/><E33/><V59/><F59/><W110/><G110/><T122/><D129/><U108/><E108/><V92/><F119/><W120/><G120/><T40/><D40/><U16/><E38/><V63/><F63/><W103/><G103/><T81/><D81/><U131/><E44/><V94/><F94/><W127/><G127/><T65/><D65/><N who="1" m="25195" /><E131/><V74/><F74/><W118/><G118/><T123/><D109/><U112/><E112/><V2/><F2/><W130/><G130/><T80/><D80/><U58/><E135/><V132/><F132/><W89/><G89/><T54/><D124/><U11/><AGARI ba="0,0" hai="6,10,11,12,15,16,18,19,56,57,58" m="25195" machi="11" ten="30,2000,0" yaku="8,1,54,1" doraHai="134" who="1" fromWho="1" sc="210,-5,477,20,230,-5,83,-10" owari="205,-19.0,497,59.0,225,3.0,73,-43.0" /></mjloggm>