<mjloggm ver="2.3"><GO type="169" lobby="0"/><UN n0="%68%65%74" n1="%E3%82%8C%E3%82%93%E3%82%89%E3%81%8F" n2="%E3%83%8F%E3%82%BF%E3%83%A2%E3%83%88%E3%83%92%E3%83%AD" n3="%E3%82%BF%E3%82%B1%E3%83%A4%E3%83%9E" dan="18,16,16,17" rate="2183.87,2111.30,2069.23,2192.80" sx="M,M,M,M"/><TAIKYOKU oya="0"/><INIT seed="0,0,0,2,3,26" ten="250,250,250,250" oya="0" hai0="13,82,111,95,3,67,108,34,32,41,93,19,21" hai1="55,74,90,107,101,18,114,77,49,53,81,47,33" hai2="129,117,54,42,105,84,60,119,100,57,92,97,131" hai3="38,96,112,68,104,133,31,103,15,23,35,91,61"/><T27/><D3/><U94/><E114/><V118/><F42/><W80/><G133/><T50/><D67/><U20/><E33/><V132/><F132/><W75/><G38/><T4/><D82/><U66/><E66/><V0/><F0/><W126/><G126/><T89/><D4/><U7/><E7/><V43/><F43/><W17/><G112/><T62/><D62/><U12/><E107/><V134/><F134/><W8/><G91/><AGARI ba="0,0" hai="54,57,60,84,91,92,97,100,105,117,118,119,129,131" machi="91" ten="50,1600,0" yaku="12,1" doraHai="26" who="2" fromWho="3" sc="250,0,250,0,250,16,250,-16" /><INIT seed="1,0,0,4,0,72" ten="250,250,266,234" oya="1" hai0="29,120,62,112,39,89,40,88,74,30,66,81,118" hai1="1,65,80,110,7,16,58,14,93,10,130,105,47" hai2="0,59,49,15,117,131,85,70,122,64,38,121,31" hai3="91,104,51,13,42,36,106,97,119,76,127,96,116"/><U9/><E130/><V115/><F0/><W32/><G32/><T44/><D112/><U3/><E105/><V8/><F38/><W12/><G36/><T132/><D118/><U68/><E68/><V94/><F131/><W78/><G51/><T69/><D132/><U133/><E133/><V53/><F115/><W56/><G56/><T33/><D120/><U61/><E110/><V134/><F117/><W113/><G113/><T103/><D103/><U48/><E93/><V126/><F126/><W2/><G91/><T125/><D125/><U86/><E9/><V107/><F107/><W108/><G127/><T79/><REACH who="0" step="1"/><D33/><REACH who="0" ten="240,250,266,234" step="2"/><U45/><E7/><V129/><F129/><W11/><G108/><T124/><D124/><U98/><E98/><V55/><F122/><W82/><G97/><T90/><AGARI ba="0,1" hai="29,30,39,40,44,62,66,69,74,79,81,88,89,90" machi="90" ten="30,8000,1" yaku="1,1,0,1,52,1,54,1,53,1" doraHai="72" doraHaiUra="71" who="0" fromWho="0" sc="240,90,250,-40,266,-20,234,-20" /><INIT seed="2,0,0,3,1,42" ten="330,210,246,214" oya="2" hai0="37,26,31,112,55,75,110,96,77,68,76,21,73" hai1="15,125,50,78,67,70,2,46,20,44,58,103,14" hai2="28,65,64,41,63,84,25,16,135,56,100,69,74" hai3="81,57,33,113,129,117,88,52,104,118,8,72,105"/><V108/><F74/><W95/><G33/><T93/><D112/><U61/><E2/><V43/><F135/><W83/><G129/><T22/><D68/><U82/><E125/><V4/><F4/><W47/><G113/><T6/><D75/><U11/><E103/><V54/><F64/><W126/><G126/><T48/><D37/><U18/><E50/><V91/><F100/><W130/><G130/><T1/><D110/><U66/><E67/><V39/><F108/><W27/><G72/><T116/><D116/><U32/><E32/><V106/><F106/><W59/><G27/><T132/><D132/><U123/><E70/><V119/><F28/><W134/><G134/><T3/><D73/><U120/><E120/><V13/><F25/><W51/><G105/><T128/><D128/><U9/><E123/><V5/><F5/><W80/><G104/><T114/><D114/><U85/><E20/><N who="2" m="11279" /><F39/><W97/><REACH who="3" step="1"/><G8/><REACH who="3" ten="330,210,246,204" step="2"/><T124/><D124/><U99/><REACH who="1" step="1"/><E99/><REACH who="1" ten="330,200,246,204" step="2"/><V92/><F119/><AGARI ba="0,2" hai="47,51,52,57,59,80,81,83,88,95,97,117,118,119" machi="119" ten="40,12000,2" yaku="1,1,2,1,52,1,54,2,53,1" doraHai="42" doraHaiUra="40" who="3" fromWho="2" sc="330,0,200,0,246,-120,204,140" /><INIT seed="3,0,0,4,2,63" ten="330,200,126,344" oya="3" hai0="37,44,96,24,18,75,53,91,131,7,35,11,38" hai1="135,39,71,34,74,124,26,129,99,109,114,97,15" hai2="105,57,56,46,47,112,86,122,9,40,126,127,17" hai3="85,1,106,125,21,103,82,95,79,22,87,52,98"/><W80/><G1/><T132/><D75/><U51/><RYUUKYOKU type="yao9" ba="0,0" sc="330,0,200,0,126,0,344,0" hai1="15,26,34,39,51,71,74,97,99,109,114,124,129,135" /><INIT seed="3,1,0,5,4,67" ten="330,200,126,344" oya="3" hai0="39,26,10,56,66,97,91,115,85,54,131,15,105" hai1="57,132,101,103,68,121,102,134,124,62,81,31,2" hai2="34,128,96,41,80,19,29,27,13,119,104,107,36" hai3="16,73,63,8,59,53,58,60,72,20,25,38,7"/><W125/><G38/><T111/><D39/><U23/><E121/><V32/><F119/><W127/><G127/><T78/><D111/><U30/><E2/><V0/><F128/><W33/><G33/><T110/><D110/><U117/><E124/><V88/><F34/><W45/><G45/><T76/><D131/><U4/><E4/><V75/><F0/><W6/><G125/><T126/><D126/><U99/><E99/><V77/><F41/><W28/><G28/><T93/><D66/><U49/><E117/><V12/><F12/><W1/><REACH who="3" step="1"/><G7/><REACH who="3" ten="330,200,126,334" step="2"/><T90/><D115/><U109/><E30/><V123/><F36/><W3/><G3/><T17/><D26/><U37/><E31/><V100/><F123/><W130/><G130/><T86/><D105/><U133/><E37/><V64/><F104/><W116/><G116/><T87/><REACH who="0" step="1"/><D91/><REACH who="0" ten="320,200,126,334" step="2"/><U44/><E109/><V92/><F64/><AGARI ba="1,2" hai="1,6,8,16,20,25,53,58,59,60,63,64,72,73" machi="64" ten="30,5800,0" yaku="1,1,7,1,54,1,53,0" doraHai="67" doraHaiUra="135" who="3" fromWho="2" sc="320,0,200,0,126,-61,334,81" /><INIT seed="3,2,0,4,2,13" ten="320,200,65,415" oya="3" hai0="33,9,123,21,47,15,60,117,45,128,95,43,111" hai1="73,125,3,51,131,133,4,61,69,44,112,126,127" hai2="77,132,50,99,121,109,94,54,10,7,70,52,98" hai3="80,62,5,105,34,6,30,135,100,66,49,114,2"/><W37/><G114/><T85/><D33/><U106/><E73/><V130/><F70/><W89/><G37/><T115/><D117/><U31/><E106/><V92/><F109/><W76/><G135/><T101/><D123/><U88/><E112/><V46/><F130/><W32/><G89/><N who="0" m="53679" /><D115/><U48/><E31/><V81/><F121/><W29/><G49/><T84/><D43/><U110/><E4/><V20/><F54/><W134/><G134/><T14/><D101/><U63/><E3/><V25/><F132/><W28/><G100/><T26/><D111/><U113/><E113/><V41/><F41/><W71/><G105/><T19/><D128/><U24/><E24/><V36/><F36/><W74/><G2/><T18/><D60/><N who="1" m="23115" /><E133/><V58/><F46/><N who="0" m="17418" /><D84/><U120/><E120/><V103/><F77/><W96/><G96/><T42/><D42/><N who="1" m="24599" /><E131/><V68/><F68/><W124/><G32/><T82/><D82/><U55/><E110/><V119/><F119/><W108/><G108/><T22/><D26/><U65/><E88/><N who="2" m="55559" /><F81/><W39/><G34/><T27/><D27/><U87/><E87/><V104/><F104/><W1/><G1/><T53/><D53/><U64/><E69/><V56/><F56/><AGARI ba="2,0" hai="51,55,56,64,65,125,126,127" m="24599,23115" machi="56" ten="30,3900,0" yaku="18,1,34,2" doraHai="13" who="1" fromWho="2" sc="320,0,200,45,65,-45,415,0" /><INIT seed="4,0,0,0,5,85" ten="320,245,20,415" oya="0" hai0="89,39,21,16,23,14,62,4,2,51,19,65,22" hai1="3,34,38,50,43,70,91,72,82,64,49,0,36" hai2="121,17,79,69,55,57,28,132,13,128,11,58,80" hai3="134,106,104,114,117,102,101,32,96,25,1,7,93"/><T118/><D39/><U100/><E34/><V105/><F69/><W124/><G117/><T42/><D118/><U83/><E100/><V52/><F121/><W73/><G1/><T26/><D2/><U54/><E64/><V10/><F128/><W87/><G7/><T12/><D4/><U74/><E43/><V97/><F132/><W60/><G73/><T68/><D42/><U86/><E86/><V35/><F11/><W75/><G75/><T77/><D77/><U63/><E63/><V103/><F35/><W122/><G134/><T109/><D51/><U98/><E98/><V90/><F28/><W30/><G124/><T116/><D116/><U40/><E40/><V135/><F135/><W67/><G114/><T130/><D130/><U15/><E15/><V133/><F133/><W120/><G102/><T115/><D115/><U78/><E54/><V131/><F131/><W119/><G119/><T123/><D123/><N who="3" m="47145" /><G87/><T47/><D47/><U33/><E33/><V125/><F125/><W20/><G32/><T95/><D109/><U66/><E66/><V56/><REACH who="2" step="1"/><F90/><REACH who="2" ten="320,245,10,415" step="2"/><W76/><G76/><T29/><D95/><U113/><E113/><V5/><F5/><W53/><G104/><T71/><D71/><U59/><E78/><V44/><F44/><W24/><G106/><T37/><D37/><U31/><E70/><V27/><F27/><W46/><G25/><T111/><D111/><U92/><E91/><AGARI ba="0,1" hai="12,14,16,19,21,22,23,26,29,62,65,68,89,91" machi="91" ten="40,12000,1" yaku="9,1,52,2,54,1" doraHai="85" who="0" fromWho="1" sc="320,130,245,-120,10,0,415,0" /><INIT seed="4,1,0,1,2,95" ten="450,125,10,415" oya="0" hai0="118,45,55,31,56,11,37,60,122,47,12,124,133" hai1="125,76,121,102,116,127,51,40,93,104,66,98,20" hai2="81,115,5,89,35,16,113,80,15,69,120,43,2" hai3="108,42,107,75,30,1,72,83,10,44,123,24,18"/><T4/><D118/><U61/><E116/><V17/><F69/><W85/><G108/><T39/><D122/><U84/><E121/><V117/><F117/><W65/><G123/><T126/><D133/><U74/><E20/><V78/><F120/><W135/><G135/><T7/><D31/><U29/><E29/><V6/><F43/><W19/><G65/><T82/><D4/><U46/><E74/><V48/><F48/><W71/><G71/><T27/><D27/><U90/><REACH who="1" step="1"/><E76/><REACH who="1" ten="450,115,10,415" step="2"/><V13/><F78/><W77/><G75/><T59/><D126/><U8/><E8/><V131/><F131/><W3/><G72/><T34/><D11/><U101/><E101/><V92/><F35/><W88/><G77/><T96/><D124/><U87/><E87/><V38/><F2/><W26/><G3/><T49/><D34/><U114/><E114/><N who="2" m="43531" /><F38/><W112/><G112/><T132/><D39/><U106/><E106/><V58/><F58/><AGARI ba="1,1" hai="40,46,51,58,61,66,84,90,93,98,102,104,125,127" machi="58" ten="40,2600,0" yaku="1,1,52,1,53,0" doraHai="95" doraHaiUra="21" who="1" fromWho="2" sc="450,0,115,39,10,-29,415,0" owari="450,55.0,154,-25.0,-19,-52.0,415,22.0" /></mjloggm>