<mjloggm ver="2.3"><GO type="169" lobby="0"/><UN n0="%4E%79%6D%70%68" n1="%E9%BA%BB%E9%9B%80%E3%81%A7%E9%A3%9F%E3%81%88%21" n2="%61%65%67%37%35%34" n3="%73%68%61%70%65%6C%65%72" dan="18,16,17,16" rate="2222.53,2105.93,2184.57,2089.73" sx="M,M,M,M"/><TAIKYOKU oya="0"/><INIT seed="0,0,0,3,3,6" ten="250,250,250,250" oya="0" hai0="27,101,115,83,94,7,132,9,71,105,18,38,15" hai1="93,129,97,98,33,116,134,35,32,85,95,68,92" hai2="20,96,29,22,41,0,17,81,120,91,25,133,10" hai3="26,107,88,74,130,118,8,62,45,49,69,89,14"/><T12/><D115/><U121/><E121/><V11/><F120/><W60/><G74/><T78/><D71/><U106/><E68/><V102/><F133/><W104/><G118/><T123/><D123/><U109/><E116/><V125/><F125/><W72/><G72/><T126/><D126/><U57/><E134/><V16/><F41/><W73/><G73/><T110/><D132/><U119/><E119/><V53/><F0/><W61/><G69/><T64/><D64/><U24/><E24/><V114/><F114/><W76/><G76/><T31/><D38/><U21/><E21/><V48/><F102/><W19/><G130/><T54/><D105/><U87/><E129/><V5/><F5/><W82/><G107/><T124/><D124/><U44/><E106/><V135/><F135/><W37/><G37/><T34/><D110/><U70/><E70/><V30/><F17/><W75/><G104/><T127/><D54/><U59/><E44/><V113/><F113/><W47/><G47/><T46/><D46/><U80/><E109/><V42/><F42/><W13/><G26/><T2/><D127/><U50/><E50/><V122/><F122/><W99/><G99/><N who="1" m="37898" /><E80/><V84/><F96/><W63/><N who="3" m="15360" /><DORA hai="111" /><W66/><G82/><T40/><D40/><U112/><E112/><V58/><F30/><W55/><G75/><N who="0" m="43487" /><D18/><U77/><E77/><V28/><F29/><W131/><G66/><T100/><D100/><U52/><E52/><V1/><F1/><W51/><G131/><T90/><D101/><U4/><E4/><V103/><F103/><W39/><G45/><RYUUKYOKU ba="0,0" sc="250,10,250,10,250,10,250,-30" hai0="2,7,9,12,15,27,31,34,90,94" hai1="32,33,35,57,59,85,87,92,93,95" hai2="10,11,16,20,22,25,28,48,53,58,81,84,91" /><INIT seed="0,1,0,3,1,129" ten="260,260,260,220" oya="0" hai0="94,23,61,102,75,85,46,84,76,51,14,64,97" hai1="58,1,35,134,114,42,15,10,120,135,108,115,128" hai2="44,20,60,112,126,121,36,13,39,3,12,25,2" hai3="8,27,37,131,33,82,100,113,38,90,62,6,105"/><T86/><D75/><U31/><E42/><V18/><F121/><W89/><G113/><N who="1" m="43018" /><E120/><V17/><F112/><W95/><G105/><T124/><D124/><U55/><E1/><V71/><F126/><W43/><G100/><T109/><D109/><U93/><E108/><V125/><F125/><W107/><G107/><T123/><D123/><U45/><E45/><V69/><F44/><W111/><G111/><T9/><D23/><U133/><E128/><V110/><F110/><W11/><G43/><T104/><D104/><U21/><E93/><V116/><F60/><W106/><G106/><T74/><D74/><U4/><E21/><V41/><F41/><W34/><G95/><T49/><D76/><U19/><E19/><V7/><F20/><W103/><G38/><T63/><D46/><U32/><E31/><V30/><F30/><W130/><G37/><T83/><D83/><U56/><E56/><V91/><F91/><W24/><G82/><T0/><D0/><U119/><E119/><V98/><F7/><W68/><G6/><T65/><D63/><AGARI ba="1,0" hai="4,10,15,32,35,55,58,63,133,134,135" m="43018" machi="63" ten="40,8000,1" yaku="20,1,11,1,52,3" doraHai="129" who="1" fromWho="0" sc="260,-83,260,83,260,0,220,0" /><INIT seed="1,0,0,5,3,47" ten="177,343,260,220" oya="1" hai0="39,105,135,29,131,42,110,7,95,6,117,16,65" hai1="127,41,99,62,24,23,96,58,71,91,129,102,86" hai2="78,66,50,44,125,4,31,119,103,106,98,52,68" hai3="115,85,118,3,48,134,34,87,80,14,35,75,45"/><U25/><E127/><V89/><F125/><W11/><G3/><T40/><D105/><U8/><E71/><V116/><F78/><W28/><G115/><T32/><D117/><U107/><E129/><V18/><F4/><W120/><G120/><T83/><D131/><U104/><E41/><V114/><F114/><W128/><G128/><T54/><D65/><U21/><E8/><V64/><F31/><W36/><G36/><T122/><D122/><U73/><E73/><V1/><F1/><W72/><G87/><T55/><D110/><U82/><E21/><V81/><F68/><W57/><G57/><T84/><D39/><U112/><E112/><V37/><F37/><W5/><G118/><T111/><D111/><U49/><E49/><V30/><F30/><W59/><G59/><T9/><D29/><U123/><E123/><V121/><F121/><W27/><G35/><T97/><D32/><U19/><E24/><V56/><F116/><W101/><G101/><N who="0" m="60607" /><D135/><U100/><E58/><V46/><F119/><W33/><G134/><T63/><D42/><U132/><REACH who="1" step="1"/><E62/><REACH who="1" ten="177,333,260,220" step="2"/><V108/><F108/><W79/><G33/><T90/><D40/><AGARI ba="0,1" hai="5,11,14,27,28,34,40,45,48,72,75,79,80,85" machi="40" ten="30,7700,0" yaku="7,1,25,2,52,1" doraHai="47" who="3" fromWho="0" sc="177,-77,333,0,260,0,220,87" /><INIT seed="2,0,0,1,4,52" ten="100,333,260,307" oya="2" hai0="6,75,106,117,40,123,129,84,60,88,120,77,80" hai1="118,41,133,87,68,13,44,130,70,12,25,9,128" hai2="2,16,5,79,122,105,42,101,20,11,97,55,50" hai3="15,125,31,98,89,23,83,51,7,29,57,64,34"/><V4/><F122/><W65/><G34/><T66/><D117/><U124/><E118/><V45/><F5/><W74/><G74/><T92/><D129/><N who="1" m="49771" /><E133/><V99/><F79/><W114/><G125/><T27/><D6/><U135/><E135/><V100/><F42/><W95/><G114/><T78/><D78/><U108/><E124/><V71/><F71/><W131/><G83/><T62/><D40/><U116/><E116/><V93/><F99/><W37/><G37/><T8/><D8/><U58/><E108/><V48/><F48/><W36/><G36/><T113/><D113/><U96/><E25/><V104/><REACH who="2" step="1"/><F101/><REACH who="2" ten="100,333,250,307" step="2"/><W33/><G7/><T82/><D60/><U90/><E96/><V17/><F17/><W0/><G98/><T94/><D120/><U54/><E68/><V38/><F38/><W102/><G102/><T72/><D123/><U81/><E70/><V126/><F126/><W76/><G76/><T132/><D132/><U109/><E109/><V59/><F59/><W85/><G57/><T1/><D1/><U91/><E90/><V35/><F35/><W10/><G89/><T19/><D75/><U103/><E103/><V115/><F115/><W53/><G33/><T21/><REACH who="0" step="1"/><D106/><REACH who="0" ten="90,333,250,307" step="2"/><U67/><E41/><V121/><F121/><W39/><G0/><T3/><D3/><U30/><E30/><V14/><AGARI ba="0,2" hai="2,4,11,14,16,20,45,50,55,93,97,100,104,105" machi="14" ten="20,7800,0" yaku="1,1,0,1,7,1,54,1,53,0" doraHai="52" doraHaiUra="73" who="2" fromWho="2" sc="90,-26,333,-26,250,98,307,-26" /><INIT seed="2,1,0,1,1,115" ten="64,307,348,281" oya="2" hai0="24,75,72,109,85,21,114,96,113,36,43,121,135" hai1="60,28,30,0,69,51,35,25,38,83,124,61,100" hai2="42,16,117,32,34,2,1,132,74,130,88,20,86" hai3="82,11,41,73,122,128,50,99,7,110,102,104,126"/><V76/><F42/><W65/><G122/><T9/><D121/><U93/><E38/><V103/><F76/><W119/><G110/><T118/><D43/><U89/><E0/><V81/><F74/><N who="0" m="28202" /><D36/><U17/><E124/><V53/><F103/><W40/><G126/><T91/><D9/><U37/><E37/><V111/><F111/><W131/><G65/><T29/><D109/><U31/><E83/><V84/><F84/><W52/><G73/><T45/><D45/><U63/><E100/><V22/><F22/><W67/><G67/><T77/><D77/><U13/><E69/><V71/><F71/><W6/><G82/><N who="0" m="49591" /><D96/><U46/><E35/><V70/><F70/><W19/><G41/><T3/><D3/><U129/><E129/><V90/><F130/><W98/><G40/><T5/><D5/><U120/><E120/><V8/><F1/><W44/><G99/><T95/><D95/><U59/><E46/><V54/><F32/><W56/><G44/><T79/><D79/><U108/><E108/><V87/><F34/><W68/><G68/><T92/><D92/><U62/><E25/><V12/><F54/><W18/><G7/><T47/><D47/><U78/><N who="1" m="15360" /><DORA hai="64" /><U10/><E78/><V105/><F53/><W49/><G131/><T101/><D101/><U15/><E15/><V94/><F2/><W66/><G66/><T23/><D135/><U80/><E80/><V133/><F132/><W4/><G128/><T134/><D134/><U112/><E112/><N who="0" m="43113" /><D118/><U97/><E59/><V27/><F133/><W39/><G39/><T125/><D125/><RYUUKYOKU ba="1,0" sc="64,15,307,15,348,-15,281,-15" hai0="21,23,24,29" hai1="10,13,17,28,30,31,51,89,93,97" /><INIT seed="3,2,0,0,1,7" ten="79,322,333,266" oya="3" hai0="64,14,134,6,53,96,17,102,133,95,16,70,108" hai1="21,121,75,42,101,59,44,115,78,113,45,104,27" hai2="41,99,93,72,0,33,34,89,51,43,38,9,124" hai3="127,5,97,73,31,74,122,30,32,20,39,19,11"/><W129/><G122/><T8/><D108/><U119/><E121/><V118/><F118/><W62/><G39/><T125/><D125/><U26/><E119/><V81/><F124/><W103/><G127/><T49/><D64/><U100/><E59/><V80/><F51/><W128/><G62/><T57/><REACH who="0" step="1"/><D70/><REACH who="0" ten="69,322,333,266" step="2"/><U63/><E115/><V29/><F38/><W107/><G129/><T15/><D15/><U90/><E113/><V105/><F0/><W40/><G128/><T1/><D1/><U2/><E2/><V23/><F72/><W56/><G74/><T132/><AGARI ba="2,1" hai="6,8,14,16,17,49,53,57,95,96,102,132,133,134" machi="132" ten="30,8000,1" yaku="1,1,0,1,20,1,52,1,54,1,53,0" doraHai="7" doraHaiUra="126" who="0" fromWho="0" sc="69,96,322,-22,333,-22,266,-42" /><INIT seed="4,0,0,4,2,43" ten="165,300,311,224" oya="0" hai0="121,111,60,95,83,128,11,109,75,98,34,125,78" hai1="57,124,30,104,105,26,31,19,106,15,112,52,58" hai2="9,37,76,84,102,29,70,107,118,87,40,96,129" hai3="71,80,61,28,89,92,131,18,54,110,24,16,93"/><T13/><D34/><U51/><E124/><V82/><F118/><W88/><G110/><T55/><D125/><U39/><E39/><V0/><F70/><W2/><G2/><T65/><D121/><U77/><E77/><V27/><F129/><W33/><G80/><T45/><D128/><U7/><E7/><V14/><F0/><W103/><G103/><T119/><D119/><U25/><E112/><V133/><F133/><W49/><G131/><T115/><D115/><U41/><E41/><V135/><F135/><W108/><G108/><T91/><D65/><U3/><E3/><V8/><F87/><W114/><G114/><T72/><D72/><U50/><E30/><V68/><F68/><W127/><G127/><T44/><D109/><U38/><E38/><V5/><F9/><W132/><G132/><T116/><D111/><U20/><E31/><V120/><F120/><W74/><G74/><T1/><D1/><U79/><E79/><V123/><F123/><W6/><G6/><T36/><D36/><U59/><REACH who="1" step="1"/><E50/><REACH who="1" ten="165,290,311,224" step="2"/><V66/><F40/><W99/><G49/><T85/><D116/><U81/><E81/><V17/><F37/><W113/><G113/><T12/><D75/><U47/><AGARI ba="0,1" hai="15,19,20,25,26,47,51,52,57,58,59,104,105,106" machi="47" ten="40,8000,1" yaku="1,1,0,1,52,1,54,1,53,0" doraHai="43" doraHaiUra="134" who="1" fromWho="1" sc="165,-40,290,90,311,-20,224,-20" /><INIT seed="5,0,0,0,4,64" ten="125,380,291,204" oya="1" hai0="47,72,12,119,35,132,110,131,61,108,14,100,41" hai1="113,115,34,122,15,88,106,6,22,130,86,45,1" hai2="109,90,82,134,19,51,3,74,99,65,83,77,120" hai3="76,123,101,18,52,54,91,84,125,36,92,97,89"/><U16/><E122/><V11/><F109/><W49/><G123/><T24/><D72/><U48/><E106/><V87/><F120/><W111/><G36/><T124/><D119/><U107/><E107/><V94/><F134/><W10/><G111/><T43/><D132/><U71/><E34/><V31/><F31/><W114/><G114/><N who="1" m="43530" /><E130/><V30/><F30/><W59/><G125/><T26/><D61/><U33/><E33/><V75/><F65/><W62/><G76/><T79/><D79/><U96/><E96/><V103/><F51/><W126/><G126/><T133/><D133/><U70/><E6/><V0/><F19/><W39/><G39/><T44/><D124/><U66/><E1/><V40/><F40/><W4/><G18/><T85/><D35/><U69/><E66/><V129/><F129/><W7/><G10/><T46/><D46/><U80/><E70/><V117/><F117/><W56/><REACH who="3" step="1"/><G91/><REACH who="3" ten="125,380,291,194" step="2"/><T17/><D131/><U112/><E112/><V9/><F11/><W78/><G78/><T93/><D17/><U128/><E128/><V20/><F9/><W63/><G63/><T57/><D108/><U28/><E28/><V73/><F75/><W116/><G116/><T23/><D110/><U13/><E13/><V21/><REACH who="2" step="1"/><F74/><REACH who="2" ten="125,380,281,194" step="2"/><W68/><G68/><T102/><D12/><U60/><E60/><V8/><F8/><W55/><G55/><AGARI ba="0,2" hai="15,16,22,45,48,55,69,71,80,86,88" m="43530" machi="55" ten="30,12000,1" yaku="15,1,52,2,54,2" doraHai="64" who="1" fromWho="3" sc="125,0,380,140,281,0,194,-120" /><INIT seed="5,1,0,3,0,74" ten="125,520,281,74" oya="1" hai0="80,83,78,31,134,90,73,92,108,99,72,82,101" hai1="107,85,129,48,66,57,32,38,111,94,53,11,27" hai2="18,45,117,71,20,123,6,104,126,59,0,68,77" hai3="30,102,114,110,26,70,120,24,119,88,76,98,67"/><U22/><E107/><V86/><F104/><W4/><G120/><T19/><D31/><U97/><E111/><V69/><F123/><W12/><G110/><T63/><D108/><U17/><E38/><V81/><F117/><W133/><G119/><T54/><D134/><U96/><E32/><V3/><F126/><W42/><G133/><T41/><D41/><U64/><E129/><V58/><F45/><W50/><G114/><T61/><D19/><U95/><E85/><V15/><REACH who="2" step="1"/><F6/><REACH who="2" ten="125,520,271,74" step="2"/><W14/><G4/><T121/><D121/><U5/><E5/><V75/><F75/><W40/><G42/><T9/><D72/><U91/><REACH who="1" step="1"/><E11/><REACH who="1" ten="125,510,271,74" step="2"/><V36/><F36/><W34/><G34/><T87/><D9/><U10/><E10/><V60/><F60/><W16/><G50/><T46/><D63/><U62/><E62/><V1/><AGARI ba="1,2" hai="0,1,3,15,18,20,58,59,68,69,71,77,81,86" machi="1" ten="40,8000,1" yaku="1,1,0,1,52,1,53,2" doraHai="74" doraHaiUra="55" who="2" fromWho="2" sc="125,-21,510,-41,271,103,74,-21" /><INIT seed="6,0,0,5,1,12" ten="104,469,374,53" oya="2" hai0="95,55,124,107,64,18,120,125,32,118,98,132,49" hai1="76,74,9,2,61,115,62,109,23,89,50,119,13" hai2="66,93,16,67,111,65,43,17,116,7,21,48,52" hai3="131,40,129,45,68,94,90,56,75,134,28,19,10"/><V70/><F116/><W5/><G68/><T121/><D118/><U30/><E119/><V133/><F133/><W88/><G75/><T15/><D32/><U122/><E109/><V22/><F111/><W69/><G69/><T96/><D64/><U3/><E89/><V79/><F70/><W58/><G28/><T44/><D107/><U14/><E50/><V39/><F39/><W78/><G78/><T36/><D36/><U103/><E103/><V101/><F43/><W33/><G33/><T97/><D95/><U26/><E122/><V31/><F7/><W91/><G94/><T25/><D25/><U38/><E38/><V105/><F79/><W20/><G134/><T102/><D102/><U86/><E74/><V46/><F105/><W117/><G117/><T24/><D24/><U108/><E108/><V29/><F22/><W0/><G45/><T63/><D63/><U51/><E51/><V72/><F72/><W59/><REACH who="3" step="1"/><G40/><REACH who="3" ten="104,469,374,43" step="2"/><T104/><D132/><U126/><E30/><N who="2" m="11275" /><F21/><W1/><G1/><T128/><D104/><U114/><E23/><V130/><F130/><W112/><G112/><T27/><D128/><U57/><E76/><V71/><F71/><W60/><G60/><T35/><D121/><U99/><E114/><V113/><F113/><W100/><G100/><T83/><D120/><U53/><E115/><V42/><F42/><W110/><G110/><T47/><D35/><U85/><E2/><V6/><F6/><W11/><G11/><N who="0" m="6527" /><D47/><U135/><E3/><V34/><F34/><W4/><G4/><T87/><D44/><U73/><E135/><RYUUKYOKU ba="0,1" sc="104,-15,469,-15,374,15,43,15" hai2="16,17,46,48,52,65,66,67,93,101" hai3="0,5,10,19,20,56,58,59,88,90,91,129,131" /><INIT seed="6,1,1,3,4,18" ten="89,454,389,58" oya="2" hai0="40,101,132,110,113,100,41,135,9,118,30,44,68" hai1="12,72,45,42,107,58,64,67,50,70,47,63,27" hai2="32,35,24,49,39,87,15,33,105,79,115,25,92" hai3="46,74,95,98,77,2,126,104,17,10,22,36,109"/><V119/><F105/><W82/><G109/><T130/><D110/><U117/><E107/><V81/><F39/><W60/><G104/><T86/><D113/><U83/><E117/><V51/><F119/><W120/><G120/><T1/><D118/><U134/><E134/><N who="0" m="51241" /><D68/><U103/><E103/><N who="0" m="39497" /><D30/><U116/><E116/><V31/><F115/><W96/><G126/><T14/><D1/><U108/><E108/><V28/><F35/><W29/><G29/><T94/><D130/><U73/><E27/><V76/><F92/><W54/><G2/><T89/><D44/><U114/><E114/><V16/><REACH who="2" step="1"/><F76/><REACH who="2" ten="89,454,379,58" step="2"/><W7/><G77/><T59/><D59/><U112/><E58/><V122/><F122/><W106/><G106/><T80/><D94/><U90/><E112/><V127/><F127/><W84/><G95/><T62/><D62/><U13/><E63/><V75/><F75/><W43/><G74/><T125/><D125/><U121/><E121/><V78/><F78/><W38/><G60/><T85/><D85/><U23/><E72/><V53/><F53/><W69/><G54/><T111/><D111/><U71/><E73/><V65/><F65/><W52/><G52/><T102/><D102/><U21/><E67/><V129/><F129/><W131/><G131/><T5/><AGARI ba="1,2" hai="5,9,14,40,41,80,86,89" m="39497,51241" machi="5" ten="30,1100,0" yaku="20,1" doraHai="18" who="0" fromWho="0" sc="89,34,454,-4,379,-6,58,-4" /><INIT seed="7,0,0,2,5,106" ten="123,450,373,54" oya="3" hai0="98,99,68,8,80,42,95,129,27,40,53,15,49" hai1="52,131,31,126,67,64,71,1,112,114,32,133,70" hai2="90,30,10,93,125,6,2,85,76,3,82,33,78" hai3="97,63,34,109,96,45,134,132,103,127,77,118,69"/><W61/><G118/><T107/><D68/><U74/><E74/><BYE who="3" /><V122/><F125/><W105/><G105/><T94/><D107/><U54/><E1/><V88/><F122/><W100/><G100/><N who="0" m="60503" /><D80/><U48/><E126/><V47/><F3/><W36/><G36/><T92/><D27/><U115/><E131/><V60/><F30/><W79/><G79/><UN n3="%73%68%61%70%65%6C%65%72" /><T83/><D83/><U44/><E133/><N who="3" m="51306" /><G127/><T24/><D24/><N who="1" m="18535" /><E54/><V84/><F33/><W66/><G34/><T128/><D95/><U19/><E19/><V57/><REACH who="2" step="1"/><F47/><REACH who="2" ten="123,450,363,54" step="2"/><W16/><G109/><T121/><D121/><U59/><E44/><V108/><F108/><W43/><G103/><T21/><D128/><U14/><E114/><V26/><F26/><W104/><G104/><T86/><D129/><U81/><E14/><V9/><F9/><W113/><G113/><T29/><D8/><U37/><E112/><V0/><F0/><W46/><G46/><T123/><D15/><U135/><E115/><V56/><F56/><W117/><G117/><T102/><D123/><U39/><E135/><V120/><F120/><W4/><G4/><T17/><D29/><U58/><E59/><V111/><F111/><W124/><G124/><T5/><D5/><U51/><E70/><V7/><F7/><W91/><G16/><T87/><D17/><U50/><E71/><V130/><F130/><W11/><G11/><T89/><D102/><U23/><E58/><V35/><F35/><W18/><G18/><T116/><D116/><U110/><E110/><V65/><AGARI ba="0,1" hai="2,6,10,57,60,65,76,78,82,84,85,88,90,93" machi="65" ten="20,5200,0" yaku="1,1,0,1,7,1,54,1,53,0" doraHai="106" doraHaiUra="22" who="2" fromWho="2" sc="123,-13,450,-13,363,62,54,-26" owari="110,-29.0,437,53.0,425,23.0,28,-47.0" /></mjloggm>