<mjloggm ver="2.3"><GO type="169" lobby="0"/><UN n0="%E8%88%9E%E8%B9%B4%E8%9B%87%E8%8B%A6%E5%B0%8A" n1="%4E%79%6D%70%68" n2="%7A%6F%6F%31%39%36%34" n3="%51%6F%6F%E5%9D%8A" dan="17,18,18,16" rate="2194.41,2220.18,2237.40,2023.27" sx="M,M,M,M"/><TAIKYOKU oya="0"/><INIT seed="0,0,0,3,1,109" ten="250,250,250,250" oya="0" hai0="122,112,86,45,128,94,46,120,93,18,58,98,12" hai1="130,38,37,81,100,59,68,69,53,47,133,80,135" hai2="33,77,116,95,84,34,56,55,63,54,104,24,61" hai3="42,103,124,89,115,40,16,43,92,101,21,3,22"/><T27/><D128/><U87/><E100/><N who="3" m="38474" /><G3/><T117/><D117/><U90/><E130/><V50/><F104/><W107/><G107/><T66/><D27/><U30/><E30/><V67/><F116/><W17/><G124/><T113/><D86/><U125/><E125/><V6/><F6/><W79/><G79/><T19/><D58/><U29/><E29/><V41/><F41/><W74/><G74/><T72/><D66/><U35/><E35/><V105/><F105/><W9/><G9/><T5/><D5/><U119/><E119/><V110/><F110/><W82/><G82/><T20/><D20/><N who="3" m="7785" /><G115/><T88/><D12/><U44/><E87/><AGARI ba="0,0" hai="16,17,40,42,43,87,89,92" m="7785,38474" machi="87" ten="30,2000,0" yaku="8,1,54,1" doraHai="109" who="3" fromWho="1" sc="250,0,250,-20,250,0,250,20" /><INIT seed="1,0,0,4,0,77" ten="250,230,250,270" oya="1" hai0="74,70,65,115,33,22,113,86,100,80,105,125,35" hai1="42,75,36,58,123,48,16,3,0,53,23,107,91" hai2="38,97,122,14,10,37,57,120,71,68,21,19,47" hai3="130,110,52,66,2,93,11,114,13,4,135,118,117"/><U8/><E107/><V92/><F71/><W51/><G114/><T109/><D22/><U82/><E123/><V12/><F68/><W72/><G66/><T41/><D41/><U15/><E75/><V46/><F38/><W62/><G62/><N who="0" m="40247" /><D86/><N who="1" m="50647" /><E0/><V6/><F37/><W64/><G64/><T121/><D121/><U102/><E3/><V18/><F122/><W104/><G104/><T95/><D95/><U103/><E36/><V99/><F120/><W50/><G50/><T81/><D81/><U40/><E23/><V31/><F31/><W17/><G72/><T87/><D87/><U132/><E132/><V129/><F129/><W27/><G130/><T98/><D109/><U67/><E67/><V26/><F57/><W5/><G110/><T56/><D56/><U60/><E42/><V116/><F116/><W39/><G39/><T119/><D119/><N who="3" m="45577" /><G135/><T29/><D125/><U89/><E89/><N who="2" m="55439" /><F99/><W134/><G134/><T76/><D35/><U59/><E59/><V49/><F49/><W25/><G93/><T90/><D90/><U7/><E7/><N who="3" m="2634" /><G2/><T83/><D83/><U78/><E78/><V127/><F127/><W108/><G108/><T34/><D34/><U85/><E85/><V96/><F96/><W73/><G73/><T61/><D61/><U111/><E111/><V43/><F43/><W79/><G79/><T63/><D63/><U1/><E1/><V84/><F84/><W30/><G30/><T94/><D105/><U20/><E20/><AGARI ba="0,0" hai="6,10,12,14,18,19,20,21,26,46,47" m="55439" machi="20" ten="30,1000,0" yaku="8,1" doraHai="77" who="2" fromWho="1" sc="250,0,230,-10,250,10,270,0" /><INIT seed="2,0,0,0,0,25" ten="250,220,260,270" oya="2" hai0="113,48,84,110,117,83,91,10,41,61,122,127,128" hai1="132,24,123,40,129,39,85,47,79,31,121,6,69" hai2="111,54,100,16,106,95,77,133,105,50,94,82,88" hai3="125,58,55,81,42,36,93,11,131,18,56,64,134"/><V114/><F114/><W8/><G134/><T34/><D113/><U97/><E132/><V4/><F4/><W80/><G131/><T86/><D122/><U17/><E129/><V135/><F133/><W30/><G125/><T5/><D128/><U12/><E69/><V120/><F120/><W7/><G42/><T1/><D127/><U19/><E6/><V59/><F135/><W67/><G36/><T22/><D34/><U96/><E121/><V130/><F130/><W28/><G93/><T21/><D110/><U119/><E119/><V15/><F95/><W108/><G7/><T65/><D117/><U66/><E66/><V90/><F100/><W76/><G18/><T75/><D75/><U70/><E70/><V124/><F124/><W49/><G108/><T98/><D98/><U26/><E26/><V53/><F53/><W102/><G102/><T51/><D86/><U43/><E43/><V9/><F111/><W13/><G13/><T45/><REACH who="0" step="1"/><D51/><REACH who="0" ten="240,220,260,270" step="2"/><N who="1" m="27111" /><E123/><V103/><F103/><W0/><G49/><T38/><D38/><U107/><E39/><V44/><F44/><W99/><G99/><T63/><D63/><U118/><E118/><V101/><F101/><W20/><G0/><T68/><AGARI ba="0,1" hai="1,5,10,21,22,41,45,48,61,65,68,83,84,91" machi="68" ten="20,2700,0" yaku="1,1,0,1,7,1,53,0" doraHai="25" doraHaiUra="74" who="0" fromWho="0" sc="240,37,220,-7,260,-13,270,-7" /><INIT seed="3,0,0,2,1,112" ten="277,213,247,263" oya="3" hai0="30,28,88,31,47,91,117,68,46,43,42,73,130" hai1="19,29,109,25,45,104,110,78,56,81,35,65,12" hai2="134,72,63,124,122,84,103,135,40,96,94,79,3" hai3="97,82,54,125,83,67,64,86,39,115,16,15,76"/><W7/><G115/><T49/><D130/><U92/><E104/><V18/><F3/><W24/><G39/><T114/><D114/><U1/><E1/><V75/><F40/><W131/><G131/><T108/><D108/><U34/><E34/><V20/><F63/><W80/><G125/><T69/><D73/><U23/><E45/><V113/><F113/><W13/><G54/><T85/><D117/><U126/><E126/><V33/><F33/><W119/><G119/><T14/><D14/><N who="3" m="5129" /><G7/><T8/><D8/><U27/><E27/><V127/><F18/><W50/><G50/><T118/><D118/><U89/><E65/><N who="3" m="25162" /><G97/><T111/><D111/><U74/><REACH who="1" step="1"/><E56/><REACH who="1" ten="277,203,247,263" step="2"/><V0/><F0/><W106/><G106/><T99/><D47/><U55/><E55/><V66/><F66/><W9/><G9/><T60/><D42/><U105/><E105/><V120/><F127/><W107/><G107/><T71/><D71/><U52/><E52/><V36/><F124/><W90/><G76/><T61/><D69/><U128/><E128/><V57/><F57/><W44/><G44/><T87/><D68/><U6/><E6/><V132/><F36/><W37/><G37/><T59/><D59/><U93/><E93/><V98/><F20/><AGARI ba="0,1" hai="16,20,24,80,82,83,86,90" m="25162,5129" machi="20" ten="30,2900,0" yaku="8,1,54,1" doraHai="112" who="3" fromWho="2" sc="277,0,203,0,247,-29,263,39" /><INIT seed="3,1,0,5,2,48" ten="277,203,218,302" oya="3" hai0="1,78,80,49,70,9,119,90,116,91,101,107,99" hai1="29,18,114,110,117,28,74,66,125,57,50,115,27" hai2="129,26,122,121,41,85,43,59,13,124,127,86,100" hai3="3,130,126,54,32,76,134,65,37,135,63,97,31"/><W103/><G37/><T92/><D70/><U0/><E74/><V42/><F13/><W30/><G76/><T21/><D21/><N who="1" m="13751" /><E66/><V111/><F26/><N who="3" m="18519" /><G3/><T72/><D91/><U84/><E84/><N who="2" m="32363" /><F100/><W71/><G31/><N who="1" m="11850" /><E57/><V45/><F45/><W73/><G73/><T17/><D49/><U5/><E50/><V34/><F34/><W56/><G130/><T79/><D79/><U120/><E120/><N who="2" m="46187" /><F129/><W112/><G126/><N who="2" m="48169" /><F59/><W14/><G14/><T128/><D128/><U77/><E77/><V109/><AGARI ba="1,0" hai="41,42,43,109,111" m="48169,46187,32363" machi="109" ten="40,8000,1" yaku="28,2,13,1,18,1" doraHai="48" who="2" fromWho="2" sc="277,-21,203,-21,218,83,302,-41" /><INIT seed="4,0,0,3,3,3" ten="256,182,301,261" oya="0" hai0="55,62,39,86,120,82,63,54,132,78,32,5,118" hai1="15,50,98,81,44,31,23,40,52,17,112,111,34" hai2="19,84,60,108,18,48,124,130,33,79,134,67,91" hai3="38,71,51,105,46,24,27,94,57,109,13,116,85"/><T87/><D118/><U99/><E112/><V26/><F108/><W61/><G105/><T7/><D120/><U83/><E111/><V1/><F1/><W41/><G116/><T22/><D32/><U77/><E83/><V119/><F119/><W65/><G109/><T93/><D39/><U37/><E34/><V123/><F123/><W42/><G42/><T129/><D129/><U107/><E107/><V92/><F130/><W106/><G106/><T121/><D121/><U56/><REACH who="1" step="1"/><E31/><REACH who="1" ten="256,172,301,261" step="2"/><V14/><F33/><W110/><G110/><T90/><D132/><U102/><E102/><V97/><F134/><W0/><G0/><T88/><D78/><U125/><E125/><V30/><F30/><W66/><G94/><T49/><D82/><U47/><E47/><V133/><F92/><W128/><G128/><T100/><D93/><U75/><AGARI ba="0,1" hai="15,17,23,37,40,44,50,52,56,75,77,81,98,99" machi="75" ten="20,5200,0" yaku="1,1,0,1,7,1,54,1,53,0" doraHai="3" doraHaiUra="117" who="1" fromWho="1" sc="256,-26,172,62,301,-13,261,-13" /><INIT seed="5,0,0,2,1,92" ten="230,234,288,248" oya="1" hai0="32,79,134,126,87,10,127,47,39,118,108,28,124" hai1="84,93,24,50,102,106,7,29,35,49,64,110,95" hai2="75,19,107,114,112,53,20,80,82,9,17,12,135" hai3="46,94,76,33,18,113,48,74,63,101,68,132,97"/><U61/><E110/><V41/><F75/><W67/><G33/><T56/><D108/><U25/><E7/><V3/><F41/><W71/><G132/><T131/><D118/><U13/><E13/><V91/><F107/><W14/><G113/><N who="2" m="43625" /><F135/><W119/><G119/><T117/><D117/><U65/><E64/><V59/><F91/><W105/><G76/><T15/><D134/><U26/><E50/><N who="2" m="31159" /><F3/><W103/><G74/><T21/><D124/><U86/><E49/><V57/><F57/><W58/><G103/><T54/><D56/><U85/><E95/><V6/><F6/><W34/><G105/><T8/><D79/><U109/><E109/><V69/><F69/><W27/><G34/><T4/><D32/><U125/><E125/><V11/><F11/><W100/><G101/><T44/><D10/><U16/><E93/><V120/><F120/><W37/><G37/><T130/><D39/><U89/><E89/><V133/><F133/><W72/><G72/><T83/><D4/><U62/><E62/><V60/><F60/><W0/><G0/><T122/><D122/><U111/><E111/><V52/><F52/><N who="3" m="29719" /><G68/><T104/><D104/><U40/><E40/><V2/><F2/><W78/><G71/><T77/><D127/><U128/><E106/><V22/><F9/><N who="3" m="6479" /><G78/><T36/><D126/><U42/><E42/><V31/><F31/><W81/><G81/><T43/><D28/><U51/><E29/><V96/><F19/><W90/><G90/><T30/><D30/><U73/><E16/><V121/><F17/><W129/><G27/><T99/><D77/><RYUUKYOKU ba="0,0" sc="230,-10,234,-10,288,-10,248,30" hai3="58,63,67,94,97,100,129" /><INIT seed="6,1,0,5,4,52" ten="220,224,278,278" oya="2" hai0="59,58,76,0,96,35,43,23,114,98,116,77,75" hai1="62,27,32,15,90,71,128,130,125,21,7,34,117" hai2="30,94,22,99,123,29,104,47,4,63,11,129,57" hai3="36,50,93,51,79,113,38,56,115,33,53,18,46"/><V14/><F123/><W42/><G33/><N who="1" m="12906" /><E71/><V82/><F104/><W19/><G79/><N who="0" m="30283" /><D35/><U67/><E90/><V127/><F129/><N who="1" m="49769" /><E117/><V9/><F127/><W132/><G18/><T83/><D0/><U55/><E55/><V131/><F131/><W5/><G5/><T122/><D122/><U17/><E125/><V61/><F22/><W133/><G19/><T10/><D75/><U70/><E7/><V39/><F82/><W86/><G93/><T24/><D114/><N who="3" m="43529" /><G86/><T73/><D73/><U105/><E105/><V13/><F47/><W108/><G108/><T31/><D116/><U81/><E81/><V101/><F39/><AGARI ba="1,0" hai="36,38,39,42,46,50,51,53,56,132,133" m="43529" machi="39" ten="30,8000,1" yaku="15,1,11,1,34,2,52,1" doraHai="52" who="3" fromWho="2" sc="220,0,224,0,278,-83,278,83" /><INIT seed="7,0,0,2,4,43" ten="220,224,195,361" oya="3" hai0="13,106,48,8,114,18,14,62,100,45,87,83,19" hai1="82,10,47,21,103,33,127,36,133,95,104,42,93" hai2="73,78,38,25,119,123,98,101,120,80,134,113,84" hai3="29,118,57,44,56,102,50,70,135,28,71,81,61"/><W65/><G118/><T9/><D114/><U7/><E33/><V26/><F26/><W32/><G32/><T86/><D62/><U4/><E4/><V39/><F119/><W116/><G102/><T88/><D106/><U23/><E104/><V35/><F113/><W69/><G57/><T11/><D100/><U27/><E127/><V17/><F134/><W110/><G135/><T53/><D87/><U122/><E122/><N who="2" m="46635" /><F84/><W0/><G0/><T92/><D92/><U34/><E34/><V130/><F130/><W107/><G107/><T22/><AGARI ba="0,0" hai="8,9,11,13,14,18,19,22,45,48,53,83,86,88" machi="22" ten="20,12000,2" yaku="0,1,7,1,25,2,8,1,52,1,54,1" doraHai="43" who="0" fromWho="0" sc="220,120,224,-30,195,-30,361,-60" owari="340,44.0,194,-21.0,165,-33.0,301,10.0" /></mjloggm>