<mjloggm ver="2.3"><GO type="169" lobby="0"/><UN n0="%E6%B2%B3%E5%B6%8B%4B%4B" n1="%79%6F%73%68%69%35%32" n2="%E6%AC%A1%E3%81%AF%E6%B3%95%E5%BB%B7%E3%81%A7%E4%BC%9A%E3%81%8A%E3%81%86" n3="%6C%6F%67%69%63%61%6C%73" dan="17,16,16,16" rate="2165.26,2107.75,2195.98,2115.87" sx="M,M,M,M"/><TAIKYOKU oya="0"/><INIT seed="0,0,0,1,2,42" ten="250,250,250,250" oya="0" hai0="90,71,28,20,124,55,40,38,2,123,44,3,74" hai1="43,122,79,82,109,117,77,98,24,51,16,41,134" hai2="133,116,36,126,46,11,50,13,34,94,6,61,62" hai3="58,7,0,1,111,59,91,107,127,125,4,12,81"/><T68/><D123/><U22/><E134/><V63/><F133/><W103/><G103/><T48/><D124/><N who="3" m="47689" /><G107/><T115/><D115/><U112/><E109/><V100/><F34/><W75/><G75/><T73/><D73/><U99/><E117/><V93/><F116/><W19/><G81/><T76/><D76/><U29/><E122/><V114/><F114/><W18/><G91/><T132/><D74/><U45/><E112/><V110/><F110/><W119/><G119/><T8/><D132/><U88/><E29/><V101/><F36/><W131/><G111/><T21/><D90/><U128/><E43/><V87/><F126/><W39/><G39/><T113/><D113/><U95/><E128/><V70/><F70/><W118/><G118/><T9/><D9/><U5/><E5/><N who="3" m="2122" /><G131/><T86/><D8/><U52/><E99/><V14/><F14/><W108/><G108/><T17/><D86/><N who="1" m="50263" /><E41/><N who="2" m="24911" /><F87/><W89/><G12/><N who="0" m="9255" /><D71/><U67/><E67/><V35/><F35/><W30/><G30/><T60/><D68/><U31/><E31/><V83/><F83/><W37/><G37/><T49/><D3/><N who="3" m="1097" /><G89/><AGARI ba="0,0" hai="16,22,24,45,51,52,77,79,89,95,98" m="50263" machi="89" ten="30,8000,1" yaku="8,1,52,1,54,3" doraHai="42" who="1" fromWho="3" sc="250,0,250,80,250,0,250,-80" /><INIT seed="1,0,0,4,1,69" ten="250,330,250,170" oya="1" hai0="35,114,29,34,27,128,46,61,32,116,54,110,72" hai1="97,59,117,13,39,38,98,63,125,65,30,115,50" hai2="43,47,41,103,88,20,126,122,83,53,133,24,14" hai3="70,12,123,26,100,67,80,82,5,124,21,10,109"/><U78/><E115/><V113/><F122/><W130/><G123/><T87/><D72/><U2/><E2/><V77/><F133/><W127/><G109/><T81/><D114/><U132/><E117/><V74/><F126/><W102/><G130/><T7/><D116/><U107/><E132/><V71/><F71/><W75/><G67/><T44/><D128/><U40/><E78/><V60/><F103/><N who="3" m="39467" /><G75/><T62/><D110/><U135/><E135/><V108/><F14/><W96/><G96/><T66/><D7/><U16/><E107/><V90/><F43/><W42/><G42/><T92/><D92/><U112/><E30/><V111/><F113/><W99/><G99/><T31/><D31/><U129/><E129/><V52/><F111/><W79/><G79/><T9/><D9/><U119/><E119/><V36/><F108/><W6/><G6/><T91/><D54/><U55/><E125/><N who="3" m="48202" /><G70/><T93/><D66/><U25/><E112/><V85/><F60/><W8/><G8/><T58/><D62/><U95/><E40/><V57/><F57/><W120/><G120/><T19/><D58/><U94/><E98/><V1/><F1/><W48/><G48/><T89/><D61/><U37/><E97/><V118/><F118/><W121/><G121/><T64/><D64/><U11/><REACH who="1" step="1"/><E25/><REACH who="1" ten="250,320,250,170" step="2"/><V45/><F24/><W0/><G0/><T76/><D76/><U3/><E3/><V86/><F77/><W28/><AGARI ba="0,1" hai="5,10,12,21,26,28,80,82" m="48202,39467" machi="28" ten="30,1100,0" yaku="18,1" doraHai="69" who="3" fromWho="3" sc="250,-3,320,-5,250,-3,170,21" /><INIT seed="2,0,0,1,1,100" ten="247,315,247,191" oya="2" hai0="11,16,82,47,129,133,127,112,67,34,27,103,130" hai1="14,119,84,24,111,96,93,57,30,29,120,79,123" hai2="132,74,10,101,104,88,8,56,89,91,75,80,46" hai3="71,121,116,131,114,43,94,92,63,44,99,4,115"/><V19/><F132/><W0/><G116/><T107/><D112/><U9/><E111/><V78/><F75/><W45/><G121/><N who="1" m="46666" /><E119/><V72/><F72/><W108/><G108/><T124/><D67/><U42/><E42/><V31/><F31/><W37/><G131/><N who="0" m="50187" /><D82/><N who="1" m="47199" /><E57/><V106/><F101/><W5/><G44/><T105/><D103/><N who="1" m="60815" /><E24/><V66/><F46/><W54/><G94/><T125/><D47/><U13/><E13/><V22/><F8/><W15/><G0/><T18/><D133/><U110/><E110/><V97/><F97/><W77/><G15/><N who="0" m="7295" /><D18/><AGARI ba="0,0" hai="9,14,18,29,30" m="60815,47199,46666" machi="18" ten="30,1000,0" yaku="13,1" doraHai="100" who="1" fromWho="0" sc="247,-10,315,10,247,0,191,0" /><INIT seed="3,0,0,2,2,133" ten="237,325,247,191" oya="3" hai0="49,79,29,57,61,48,82,132,70,64,103,118,4" hai1="59,77,128,14,75,44,115,42,95,78,53,114,80" hai2="99,108,101,92,110,24,90,87,47,96,33,37,34" hai3="113,18,74,72,69,52,91,66,46,102,8,116,6"/><W121/><G113/><T50/><D118/><U21/><E78/><V58/><F37/><W130/><G116/><T9/><D132/><U55/><E128/><V71/><F71/><W68/><G121/><T26/><D103/><U65/><E65/><V0/><F0/><W120/><G120/><T35/><D70/><U98/><E14/><V62/><F47/><W81/><G130/><T131/><D131/><U25/><E44/><V41/><F41/><W2/><G102/><T31/><D31/><U15/><E15/><V56/><F99/><W117/><G117/><T104/><D104/><U73/><E73/><V97/><F97/><W109/><G109/><N who="2" m="42089" /><F24/><W19/><G72/><T30/><D30/><U134/><E134/><V135/><F135/><W123/><G123/><T124/><D124/><U83/><E83/><N who="2" m="49535" /><F58/><W127/><G46/><T89/><D89/><U16/><E42/><V32/><F32/><W76/><G91/><T40/><D40/><U107/><E107/><V106/><F106/><W63/><G69/><T93/><D93/><U38/><E38/><V51/><F51/><W85/><G127/><T54/><D82/><U100/><E55/><AGARI ba="0,0" hai="33,34,55,56,62,92,96,101" m="49535,42089" machi="55" ten="30,1000,0" yaku="14,1" doraHai="133" who="2" fromWho="1" sc="237,0,325,-10,247,10,191,0" /><INIT seed="4,0,0,0,5,40" ten="237,315,257,191" oya="0" hai0="51,80,117,17,98,25,0,19,95,63,125,134,50" hai1="120,84,34,102,16,106,69,44,109,65,67,101,135" hai2="41,119,24,29,71,76,33,5,54,113,58,78,6" hai3="92,28,123,114,35,116,126,87,59,3,11,2,118"/><T110/><D117/><N who="3" m="45161" /><G59/><T127/><D134/><U20/><E34/><V42/><F119/><W56/><G56/><T43/><D0/><U36/><E135/><V96/><F71/><W99/><G87/><T115/><D115/><U13/><E120/><V53/><F96/><W73/><G73/><T55/><D110/><U72/><E72/><V46/><F113/><W79/><G79/><T70/><D80/><U86/><E109/><V22/><F33/><W97/><G92/><T14/><D25/><U83/><E106/><V111/><F111/><W45/><G45/><N who="0" m="25919" /><D14/><U62/><E67/><V131/><F131/><W68/><G114/><T12/><D12/><U7/><E7/><N who="2" m="2571" /><F42/><W133/><G68/><T75/><D75/><U89/><E36/><V91/><F91/><W128/><G133/><T32/><D32/><U104/><E104/><V88/><F88/><W37/><G37/><T49/><D63/><U48/><E86/><V1/><F1/><W112/><G112/><T90/><D49/><U30/><REACH who="1" step="1"/><E30/><REACH who="1" ten="237,305,257,191" step="2"/><V100/><F29/><W4/><G28/><T61/><D127/><U122/><E122/><V132/><F132/><W57/><G35/><T107/><D125/><U108/><E108/><V82/><F78/><W47/><G126/><T10/><D107/><U74/><E74/><V21/><F76/><W129/><G123/><T52/><D10/><U94/><E94/><V124/><F124/><W103/><G11/><T64/><D55/><AGARI ba="0,1" hai="13,16,20,44,48,55,62,65,69,83,84,89,101,102" machi="55" ten="30,8000,1" yaku="1,1,7,1,52,1,54,1,53,1" doraHai="40" doraHaiUra="15" who="1" fromWho="0" sc="237,-80,305,90,257,0,191,0" /><INIT seed="5,0,0,3,1,94" ten="157,395,257,191" oya="1" hai0="40,22,128,81,12,77,117,9,131,127,65,26,98" hai1="33,101,121,96,24,29,73,28,83,119,16,42,55" hai2="3,11,8,59,71,87,25,61,14,76,89,49,133" hai3="75,134,103,1,32,31,20,6,91,41,27,86,126"/><U15/><E119/><V58/><F133/><W4/><G41/><T124/><D65/><U78/><E121/><V93/><F3/><W37/><G37/><T132/><D40/><U69/><E29/><V17/><F71/><W52/><G134/><T116/><D132/><U108/><E42/><V110/><F110/><W63/><G126/><N who="0" m="48171" /><D81/><U129/><E129/><N who="0" m="49737" /><D98/><U112/><E112/><V113/><F113/><W19/><G75/><T82/><D82/><U107/><E108/><V34/><F76/><W23/><G103/><T102/><D102/><U13/><E55/><V85/><F49/><W100/><G100/><T45/><D45/><U125/><E125/><V10/><F59/><N who="3" m="35303" /><G32/><T122/><D77/><U90/><E90/><V68/><F68/><W21/><G1/><T30/><D122/><U57/><E57/><V118/><F118/><W48/><G91/><T66/><D66/><U84/><E69/><V35/><F87/><W51/><G86/><T7/><AGARI ba="0,0" hai="7,9,12,22,26,30,116,117" m="49737,48171" machi="7" ten="30,7900,0" yaku="18,1,19,1,34,2" doraHai="94" who="0" fromWho="0" sc="157,79,395,-39,257,-20,191,-20" /><INIT seed="6,0,0,0,3,51" ten="236,356,237,171" oya="2" hai0="40,122,116,7,65,110,73,0,130,46,32,49,93" hai1="26,9,100,131,127,66,48,12,31,15,20,106,62" hai2="56,124,115,47,29,96,126,63,102,67,34,52,85" hai3="134,69,23,50,97,75,19,17,18,90,68,41,129"/><V1/><F1/><W109/><G109/><T78/><D110/><U10/><E131/><V121/><F121/><W42/><G129/><T128/><D122/><U105/><E127/><N who="2" m="48683" /><F115/><W120/><G120/><T61/><D32/><U70/><E100/><V24/><F85/><W81/><G134/><T119/><D93/><U111/><E111/><V4/><F4/><W43/><G75/><T58/><D7/><U38/><E38/><V89/><F89/><W77/><G77/><T123/><D0/><U45/><E15/><V112/><F112/><W14/><G68/><T6/><D6/><U13/><E13/><V71/><F47/><W84/><G69/><T36/><D123/><U135/><E135/><V98/><F102/><W125/><G125/><T30/><D30/><U83/><E83/><V8/><F8/><W22/><G97/><T92/><D92/><U88/><E88/><V108/><F108/><W86/><G86/><T87/><D87/><U3/><E3/><V54/><F71/><W107/><G107/><T55/><D78/><U101/><E101/><V60/><F60/><W95/><G81/><T28/><D28/><U57/><E70/><V80/><F80/><W25/><REACH who="3" step="1"/><G19/><REACH who="3" ten="236,356,237,161" step="2"/><T11/><D73/><U82/><E82/><V79/><F79/><W118/><G118/><N who="0" m="45099" /><D128/><U99/><E106/><V74/><F74/><W16/><G16/><T64/><D130/><U5/><E105/><V132/><F132/><W72/><G72/><T94/><D94/><U59/><E99/><AGARI ba="0,1" hai="24,29,34,52,54,56,63,67,96,98,99" m="48683" machi="99" ten="30,11600,0" yaku="18,1,52,2,54,1" doraHai="51" who="2" fromWho="1" sc="236,0,356,-116,237,126,161,0" /><INIT seed="6,1,0,0,0,43" ten="236,240,363,161" oya="2" hai0="98,46,97,131,128,129,35,29,89,69,103,65,57" hai1="119,31,32,118,9,110,16,64,24,106,6,2,48" hai2="21,121,107,120,38,134,10,12,34,91,84,78,126" hai3="83,18,13,20,53,75,122,117,15,90,61,71,116"/><V0/><F34/><W50/><G122/><T44/><D69/><U102/><E110/><V123/><F107/><W125/><G125/><T25/><D89/><U72/><E48/><V81/><F126/><W26/><G116/><T59/><D98/><U52/><E72/><V96/><F134/><W114/><G117/><T88/><D88/><U92/><E92/><V55/><F0/><W27/><G114/><T23/><D35/><U130/><E130/><V93/><F38/><W63/><G26/><T47/><REACH who="0" step="1"/><D65/><REACH who="0" ten="226,240,363,161" step="2"/><U30/><E64/><V105/><F123/><W68/><G68/><T66/><D66/><U109/><E102/><V39/><F91/><W42/><G71/><T17/><D17/><U82/><E82/><V76/><F81/><W1/><G90/><T99/><D99/><U60/><E106/><AGARI ba="1,1" hai="23,25,29,44,46,47,57,59,97,103,106,128,129,131" machi="106" ten="50,8000,1" yaku="1,1,19,1,52,3,53,0" doraHai="43" doraHaiUra="11" who="0" fromWho="1" sc="226,93,240,-83,363,0,161,0" /><INIT seed="7,0,0,1,4,85" ten="319,157,363,161" oya="3" hai0="61,111,66,107,93,68,122,109,135,71,54,28,120" hai1="8,46,131,37,106,74,64,20,44,90,43,91,114" hai2="45,40,3,47,67,92,31,102,21,125,126,32,117" hai3="97,16,69,14,84,55,48,53,116,36,118,110,0"/><W65/><G36/><T127/><D107/><U57/><E74/><V86/><F117/><W50/><G0/><T124/><D28/><U29/><E114/><V15/><F32/><W98/><G110/><N who="0" m="41995" /><D93/><U26/><E106/><V7/><F67/><W89/><G65/><T4/><D4/><U103/><E103/><V13/><F3/><W100/><G69/><N who="0" m="26699" /><D135/><U77/><E77/><V104/><F104/><W33/><G33/><T49/><D61/><U25/><E131/><V72/><F72/><W75/><G75/><T115/><D66/><U94/><E46/><N who="2" m="17419" /><F40/><W34/><G34/><T11/><D11/><U96/><E8/><V18/><F31/><W59/><G100/><T38/><D38/><U42/><E42/><V87/><F7/><W41/><G41/><T80/><D80/><U108/><E108/><V27/><F102/><W123/><G123/><T23/><D23/><U112/><E112/><V79/><F79/><W56/><G116/><T19/><D19/><U58/><E64/><V95/><F95/><N who="3" m="54695" /><G118/><T62/><D62/><U76/><E76/><V128/><F128/><W134/><G134/><T51/><D115/><U132/><E132/><V39/><F39/><W88/><G88/><T101/><D101/><U52/><E91/><N who="2" m="53367" /><F87/><W119/><G119/><T6/><D6/><U105/><E105/><V10/><F10/><AGARI ba="0,0" hai="10,14,16,48,50,53,55,56,59,97,98" m="54695" machi="10" ten="30,5800,0" yaku="8,1,52,1,54,1" doraHai="85" who="3" fromWho="2" sc="319,0,157,0,363,-58,161,58" /><INIT seed="7,1,0,3,2,119" ten="319,157,305,219" oya="3" hai0="63,23,0,106,43,134,73,41,57,75,59,36,131" hai1="69,121,13,103,87,66,113,45,31,38,40,111,86" hai2="28,104,48,117,126,39,2,105,42,27,129,78,5" hai3="108,16,74,112,88,102,21,115,96,77,71,65,25"/><W70/><G108/><T125/><D0/><U92/><E31/><V10/><F117/><W118/><G118/><T26/><D106/><U85/><E13/><V1/><F129/><W46/><G46/><T68/><D68/><U34/><E34/><V58/><F1/><W130/><G130/><T100/><D100/><U35/><E35/><V18/><F126/><W80/><G65/><T79/><D131/><U37/><E37/><V62/><F18/><W124/><G124/><T47/><D125/><U101/><E111/><V98/><F39/><W83/><G83/><T33/><D33/><U52/><E113/><N who="3" m="43594" /><G102/><T11/><D43/><U128/><E128/><V49/><F78/><W44/><G44/><T114/><D114/><U12/><E12/><V4/><F4/><W81/><G81/><T91/><D79/><U15/><E15/><V123/><F42/><W93/><AGARI ba="1,0" hai="16,21,25,70,71,74,77,80,88,93,96" m="43594" machi="93" ten="30,6000,0" yaku="15,1,54,2" doraHai="119" who="3" fromWho="3" sc="319,-21,157,-21,305,-21,219,63" /><INIT seed="7,2,0,2,0,21" ten="298,136,284,282" oya="3" hai0="119,33,127,70,32,104,50,4,2,58,31,27,14" hai1="114,25,56,109,74,39,100,124,132,41,103,3,48" hai2="131,82,116,123,19,42,65,22,113,79,28,96,59" hai3="60,95,122,86,134,46,99,68,84,10,30,62,107"/><W6/><G122/><T54/><D119/><U49/><E74/><V101/><F116/><W135/><G107/><T102/><D70/><U26/><E3/><V94/><F123/><W77/><G30/><T1/><D33/><U76/><E109/><V20/><F113/><W16/><G16/><T83/><D127/><U118/><E118/><V105/><F131/><W35/><G35/><T61/><D102/><N who="1" m="38955" /><E39/><V73/><F42/><W108/><G108/><T51/><D104/><U12/><E124/><V88/><F28/><W53/><G46/><T8/><D83/><U13/><E114/><V126/><F126/><W80/><G86/><T111/><D111/><U120/><E120/><V129/><F129/><W72/><G72/><T24/><D24/><N who="1" m="9323" /><E76/><V98/><F19/><W43/><G43/><T17/><D2/><U55/><E132/><N who="3" m="50730" /><G53/><T57/><D54/><U29/><E29/><V125/><F125/><W63/><G68/><T110/><D110/><U52/><E41/><V91/><F91/><N who="3" m="55807" /><G63/><T115/><D61/><U66/><E66/><V97/><F97/><W7/><G7/><T18/><D115/><U87/><E87/><N who="2" m="52511" /><F65/><W40/><G40/><T45/><D17/><U121/><E121/><V47/><F98/><W85/><G85/><T78/><D31/><U89/><E89/><V15/><F47/><AGARI ba="2,0" hai="12,13,47,48,49,52,55,56" m="9323,38955" machi="47" ten="30,8000,1" yaku="8,1,52,3,54,1" doraHai="21" who="1" fromWho="2" sc="298,0,136,86,284,-86,282,0" /><INIT seed="8,0,0,1,2,115" ten="298,222,198,282" oya="0" hai0="73,6,85,25,130,27,119,96,7,129,41,35,116" hai1="33,21,117,101,58,134,104,100,30,94,92,132,32" hai2="53,48,65,19,110,62,83,78,97,3,84,55,87" hai3="113,91,80,37,46,81,86,26,60,57,128,45,69"/><T34/><D73/><U22/><E117/><N who="0" m="45129" /><D41/><U47/><E47/><N who="3" m="17930" /><G113/><T105/><D85/><U2/><E2/><V82/><F110/><W77/><G69/><T89/><D27/><U88/><E58/><V28/><F48/><W38/><G128/><N who="0" m="49259" /><D25/><U51/><E51/><V14/><F3/><W24/><G38/><T1/><D89/><U102/><E104/><V121/><F28/><W135/><G135/><N who="1" m="51754" /><E94/><V8/><F97/><W20/><G37/><T0/><D0/><U16/><E22/><V75/><F121/><W107/><G107/><T111/><D111/><U64/><E64/><V10/><F10/><W120/><G20/><T125/><D125/><U66/><E66/><V124/><F124/><W12/><G120/><T76/><D76/><U36/><E30/><V5/><F5/><N who="0" m="1546" /><D1/><U42/><E42/><V109/><F109/><W112/><G112/><T122/><D122/><U71/><E71/><V31/><F31/><W4/><G77/><T40/><D40/><U63/><E36/><V13/><F13/><W123/><G123/><T70/><D70/><U18/><E63/><V131/><F131/><W74/><G74/><T90/><D105/><U44/><E44/><V103/><F75/><W50/><G12/><T56/><D56/><U108/><E108/><V29/><F29/><W99/><G57/><T95/><AGARI ba="0,0" hai="34,35,90,95,96" m="1546,49259,45129" machi="95" ten="40,12000,1" yaku="16,1,19,1,52,3" doraHai="115" who="0" fromWho="0" sc="298,120,222,-40,198,-40,282,-40" owari="418,52.0,182,-22.0,158,-34.0,242,4.0" /></mjloggm>