<mjloggm ver="2.3"><GO type="169" lobby="0"/><UN n0="%70%6F%6E%5F%6B%61%73%75" n1="%6B%69%79%6F%6E%61%72%69" n2="%E3%82%B5%E3%83%B3%E3%83%9E%E9%81%93%E6%A5%BD%E3%81%AE%E4%BA%BA" n3="%E7%90%B4%E6%B5%A6%E6%98%A5%E9%A6%99" dan="17,16,16,16" rate="2146.82,2077.41,2135.40,2108.24" sx="M,M,M,M"/><TAIKYOKU oya="0"/><INIT seed="0,0,0,2,3,70" ten="250,250,250,250" oya="0" hai0="86,102,4,16,38,53,15,56,107,57,117,98,94" hai1="89,134,73,24,47,37,7,100,122,36,27,32,120" hai2="78,61,21,9,125,106,20,48,30,42,58,18,12" hai3="55,65,26,29,43,115,10,110,22,132,44,119,19"/><T75/><D75/><U127/><E47/><V128/><F106/><W35/><G115/><T124/><D124/><U45/><E45/><V68/><F125/><W131/><G119/><T91/><D117/><U79/><E127/><V118/><F68/><W101/><G110/><T105/><D4/><U1/><E89/><V14/><F128/><W116/><G116/><T77/><D77/><U50/><E50/><V72/><F72/><W67/><G55/><T64/><D64/><U84/><E84/><V66/><F78/><W31/><G131/><T108/><D108/><U11/><E27/><V2/><F2/><W81/><G132/><T34/><D34/><U88/><E88/><V8/><F118/><W62/><G10/><T51/><D38/><N who="1" m="14955" /><E100/><V46/><F30/><W99/><G81/><T74/><D74/><U33/><E134/><V82/><REACH who="2" step="1"/><F82/><REACH who="2" ten="250,250,240,250" step="2"/><W133/><G133/><T121/><D107/><U52/><E79/><V126/><F126/><W23/><G29/><T111/><D111/><U3/><E73/><V85/><F85/><W130/><G130/><T28/><D28/><U123/><E3/><V104/><F104/><W129/><G129/><T87/><D86/><U103/><E1/><V112/><F112/><W59/><G35/><T93/><D105/><U60/><E33/><V0/><F0/><W71/><G31/><T95/><D95/><U96/><E32/><V39/><F39/><N who="3" m="21631" /><G71/><T113/><D113/><U92/><E92/><V49/><F49/><W135/><G135/><T17/><D94/><U97/><E123/><V41/><F41/><W63/><G63/><RYUUKYOKU ba="0,1" sc="250,-10,250,-10,240,30,250,-10" hai2="8,9,12,14,18,20,21,42,46,48,58,61,66" /><INIT seed="1,1,1,5,4,52" ten="240,240,270,240" oya="1" hai0="17,84,3,107,106,110,0,125,55,87,99,133,28" hai1="103,128,4,95,112,116,2,62,83,44,101,13,127" hai2="79,26,88,121,8,126,43,94,27,57,66,20,91" hai3="64,60,124,134,24,34,1,45,38,67,33,63,48"/><U14/><E112/><V49/><F121/><W90/><G38/><T35/><D125/><U117/><E127/><V40/><F79/><W86/><G1/><T109/><D133/><U80/><E62/><N who="2" m="38223" /><F8/><W32/><G24/><N who="2" m="9257" /><F20/><W11/><G134/><T12/><D28/><U118/><E44/><V36/><F36/><W122/><G122/><T89/><D55/><U65/><E2/><V6/><F6/><W7/><G124/><T9/><D84/><U37/><E4/><V29/><F29/><W69/><G63/><T22/><D35/><U129/><E37/><V23/><F23/><W72/><G72/><T105/><D99/><U70/><E70/><V59/><F126/><W21/><G21/><T5/><REACH who="0" step="1"/><D0/><REACH who="0" ten="230,240,270,240" step="2"/><U93/><E118/><V31/><F31/><W25/><G67/><AGARI ba="1,2" hai="13,14,65,67,80,83,93,95,101,103,116,117,128,129" machi="67" ten="25,2400,0" yaku="22,2" doraHai="52" who="1" fromWho="3" sc="230,0,240,47,270,0,240,-27" /><INIT seed="1,2,0,4,0,98" ten="230,287,270,213" oya="1" hai0="113,135,46,85,117,71,35,19,23,33,7,93,21" hai1="51,55,10,44,114,78,53,111,101,84,58,116,31" hai2="3,18,123,30,107,105,60,24,43,133,59,88,61" hai3="17,69,39,74,50,72,62,97,47,13,41,104,79"/><U75/><E114/><V11/><F123/><W26/><G26/><T118/><D71/><U82/><E116/><V6/><F43/><W42/><G69/><T45/><D93/><U12/><E31/><V54/><F133/><W40/><G62/><T25/><D85/><U1/><E1/><V87/><F18/><W109/><G109/><T96/><D96/><U63/><E111/><V65/><F60/><W124/><G124/><T125/><D25/><U90/><E101/><V38/><F38/><W66/><G66/><T4/><D19/><U34/><E34/><V56/><F56/><W126/><G126/><T92/><D92/><U20/><E20/><V110/><F110/><W120/><G120/><T36/><D125/><U0/><E0/><V22/><REACH who="2" step="1"/><F65/><REACH who="2" ten="230,287,260,213" step="2"/><W76/><G39/><T9/><D36/><U129/><E129/><V106/><F106/><W80/><G41/><T86/><D135/><U115/><E115/><V112/><F112/><W108/><G42/><T121/><D113/><U119/><E119/><V100/><F100/><W130/><G108/><T128/><D121/><U37/><E37/><V103/><F103/><W70/><G70/><T122/><D122/><U14/><REACH who="1" step="1"/><E10/><REACH who="1" ten="230,277,260,213" step="2"/><V2/><F2/><W102/><G102/><T8/><D128/><U16/><E16/><V15/><F15/><W27/><G13/><T32/><D118/><U48/><E48/><V29/><F29/><W68/><G17/><T52/><D117/><U81/><AGARI ba="2,2" hai="12,14,44,51,53,55,58,63,75,78,81,82,84,90" machi="81" ten="20,3900,0" yaku="1,1,0,1,7,1,53,0" doraHai="98" doraHaiUra="99" who="1" fromWho="1" sc="230,-15,277,65,260,-15,213,-15" /><INIT seed="1,3,0,1,5,46" ten="215,342,245,198" oya="1" hai0="95,61,41,116,2,5,104,94,115,10,123,17,15" hai1="96,117,16,77,60,86,80,97,87,82,6,59,126" hai2="12,109,55,65,130,53,108,132,88,122,101,70,22" hai3="48,72,103,75,91,69,11,89,36,106,28,79,20"/><U21/><E117/><V127/><F122/><W1/><G36/><T134/><D115/><U105/><E126/><V42/><F101/><W47/><G69/><T24/><D104/><U113/><E6/><V83/><F127/><W76/><G75/><T78/><D116/><U43/><E43/><V63/><F42/><W118/><G118/><T30/><D123/><U7/><E7/><V45/><F130/><W52/><G1/><T29/><D134/><U37/><E37/><V119/><F132/><W14/><G106/><T81/><D41/><U34/><E34/><V120/><F120/><W3/><G103/><T13/><D61/><U9/><E9/><V40/><F119/><W19/><G72/><T85/><D29/><U114/><E105/><V129/><F129/><W50/><G3/><T35/><REACH who="0" step="1"/><D15/><REACH who="0" ten="205,342,245,198" step="2"/><N who="1" m="9375" /><E114/><V71/><F12/><W18/><G28/><T33/><D33/><U100/><E113/><V74/><F71/><W90/><G19/><T38/><D38/><U39/><E39/><V67/><F63/><W92/><G92/><T62/><D62/><U128/><E128/><V73/><F70/><W26/><REACH who="3" step="1"/><G50/><REACH who="3" ten="205,342,245,188" step="2"/><T107/><D107/><U110/><E110/><V125/><F108/><W84/><G84/><T23/><AGARI ba="3,2" hai="2,5,10,13,17,23,24,30,35,78,81,85,94,95" machi="23" ten="20,8000,1" yaku="1,1,0,1,7,1,24,2,53,0" doraHai="46" doraHaiUra="51" who="0" fromWho="0" sc="205,109,342,-43,245,-23,188,-23" /><INIT seed="2,0,0,2,1,107" ten="314,299,222,165" oya="2" hai0="22,110,69,115,6,65,25,80,132,20,39,125,42" hai1="7,62,0,5,2,82,60,4,119,78,129,55,44" hai2="122,100,109,123,57,116,88,84,26,16,38,102,95" hai3="70,130,74,120,32,8,67,96,72,99,45,68,41"/><V29/><F116/><W94/><G32/><T103/><D110/><U61/><E119/><V133/><F38/><W83/><G120/><T47/><D115/><U9/><E129/><V43/><F43/><W87/><G130/><T76/><D125/><U54/><E9/><V48/><F133/><W37/><G8/><T128/><D128/><U18/><E18/><V51/><F109/><W121/><G121/><T1/><D132/><U97/><E97/><V49/><F122/><W113/><G113/><T134/><D134/><U79/><E44/><V104/><F104/><W117/><G117/><T35/><D103/><U92/><E92/><V14/><F57/><W11/><G11/><N who="0" m="2511" /><D65/><U28/><E28/><V108/><F108/><W27/><G27/><T73/><D69/><U30/><E30/><AGARI ba="0,0" hai="20,22,25,30,35,39,42,47,73,76,80" m="2511" machi="30" ten="30,2000,0" yaku="25,1,52,1" doraHai="107" who="0" fromWho="1" sc="314,20,299,-20,222,0,165,0" /><INIT seed="3,0,0,0,1,31" ten="334,279,222,165" oya="3" hai0="101,108,15,64,94,95,79,109,97,74,13,42,115" hai1="122,54,135,75,112,125,61,87,134,43,113,8,32" hai2="129,9,103,46,132,70,106,37,93,124,57,100,72" hai3="2,33,107,102,53,81,126,121,67,49,14,35,24"/><W47/><G2/><T25/><D115/><U11/><E75/><V114/><F57/><W45/><G121/><T128/><D128/><U127/><E43/><V4/><F93/><W10/><G126/><N who="1" m="48138" /><E122/><V118/><F103/><W92/><G92/><T22/><D64/><U78/><E32/><V84/><F84/><W30/><G67/><T96/><D42/><U1/><E61/><V133/><F100/><W89/><G47/><T123/><D123/><U29/><E29/><V44/><F44/><W69/><G69/><T66/><D66/><U5/><E54/><V50/><F50/><W98/><G81/><N who="0" m="45303" /><D96/><U55/><E11/><V28/><F9/><W90/><REACH who="3" step="1"/><G35/><REACH who="3" ten="334,279,222,155" step="2"/><T77/><D95/><U80/><E80/><V99/><F46/><W19/><AGARI ba="0,1" hai="10,14,19,24,30,33,45,49,53,89,90,98,102,107" machi="19" ten="20,18000,2" yaku="1,1,2,1,0,1,7,1,52,1,53,1" doraHai="31" doraHaiUra="7" who="3" fromWho="3" sc="334,-60,279,-60,222,-60,155,190" /><INIT seed="3,1,0,1,0,21" ten="274,219,162,345" oya="3" hai0="15,31,105,95,35,66,102,29,124,127,18,85,62" hai1="50,4,80,38,17,10,122,57,20,51,58,1,9" hai2="7,33,89,43,106,92,12,11,24,49,53,45,103" hai3="26,25,72,113,6,23,83,5,40,93,82,19,131"/><W42/><G113/><T67/><D105/><U71/><E71/><V104/><F103/><W46/><G131/><T84/><D102/><U55/><E38/><V30/><REACH who="2" step="1"/><F43/><REACH who="2" ten="274,219,152,345" step="2"/><N who="3" m="16427" /><G46/><T94/><D127/><U134/><E134/><V87/><AGARI ba="1,1" hai="7,11,12,24,30,33,45,49,53,87,89,92,104,106" machi="87" ten="20,5200,0" yaku="1,1,0,1,7,1,52,1,53,0" doraHai="21" doraHaiUra="70" who="2" fromWho="2" sc="274,-14,219,-14,152,65,345,-27" /><INIT seed="4,0,0,3,4,39" ten="260,205,217,318" oya="0" hai0="0,115,89,12,65,40,33,27,21,8,51,53,4" hai1="54,66,109,125,67,91,32,99,44,84,64,11,123" hai2="25,28,114,55,133,58,6,26,16,129,30,86,77" hai3="87,83,1,75,98,81,61,18,41,31,57,96,52"/><T10/><D115/><U56/><E123/><V72/><F72/><W17/><G75/><T35/><D65/><U73/><E109/><V128/><F6/><W85/><G1/><T110/><D110/><U78/><E32/><V104/><F104/><W20/><G31/><T106/><D106/><U34/><E34/><V29/><F114/><W19/><G20/><T111/><D111/><U42/><E99/><N who="3" m="37930" /><G41/><T36/><D89/><U113/><E125/><V47/><F47/><W93/><G93/><T60/><D60/><U76/><E11/><V79/><F133/><W117/><G117/><T70/><D70/><U23/><E23/><N who="2" m="13543" /><F26/><W126/><G126/><T68/><D68/><U49/><E73/><V119/><F119/><W50/><G50/><T118/><D118/><U127/><E127/><V9/><F9/><W122/><G122/><T92/><D92/><U71/><E71/><V107/><F107/><W43/><G43/><T135/><D40/><U38/><REACH who="1" step="1"/><E113/><REACH who="1" ten="260,195,217,318" step="2"/><V124/><F124/><W82/><AGARI ba="0,1" hai="17,18,19,52,57,61,81,82,83,85,87" m="37930" machi="82" ten="40,2700,0" yaku="8,1,54,1" doraHai="39" who="3" fromWho="3" sc="260,-13,195,-7,217,-7,318,37" /><INIT seed="5,0,0,1,2,75" ten="247,188,210,355" oya="1" hai0="48,44,117,15,5,99,113,73,37,71,112,135,76" hai1="3,14,26,19,25,10,32,39,66,0,60,45,78" hai2="16,29,93,128,115,118,33,121,120,43,96,65,21" hai3="59,72,129,80,40,95,125,52,100,31,11,90,57"/><U106/><E106/><V46/><F118/><W63/><G129/><T86/><D117/><U131/><E131/><V62/><F128/><W109/><G109/><T42/><D71/><U67/><E67/><V103/><F33/><W84/><G125/><T64/><D64/><U18/><E26/><V107/><F107/><W8/><G31/><T24/><D135/><U132/><E132/><V91/><F29/><W110/><G110/><T12/><D73/><U79/><E32/><V6/><F6/><W4/><G40/><T28/><D99/><U134/><E134/><V105/><F105/><W68/><G68/><T74/><D74/><U111/><E111/><V114/><F103/><W13/><G11/><N who="0" m="4207" /><D15/><U124/><E124/><V20/><F20/><W82/><G72/><T123/><D37/><U54/><E3/><V83/><F83/><W94/><G59/><T122/><D123/><U30/><E0/><V51/><F120/><W50/><G63/><T2/><D2/><U38/><E30/><V126/><F121/><W69/><G69/><T101/><D101/><U41/><E39/><V70/><REACH who="2" step="1"/><F126/><REACH who="2" ten="247,188,200,355" step="2"/><W49/><G49/><T130/><D122/><U35/><E35/><V1/><F1/><W36/><G36/><T81/><D130/><U55/><E38/><V23/><F23/><AGARI ba="0,1" hai="23,24,28,42,44,48,76,81,86,112,113" m="4207" machi="23" ten="30,2000,0" yaku="25,1,52,1" doraHai="75" who="0" fromWho="2" sc="247,30,188,0,200,-20,355,0" /><INIT seed="6,0,0,5,5,54" ten="277,188,180,355" oya="2" hai0="22,42,30,71,93,55,47,53,119,80,85,118,117" hai1="123,14,27,26,64,116,112,124,96,100,131,91,24" hai2="18,6,57,65,125,101,108,16,126,86,36,35,74" hai3="110,72,77,113,88,127,41,97,122,132,83,89,40"/><V52/><F36/><W50/><G122/><T38/><D71/><U56/><E116/><V33/><F74/><W99/><G110/><T82/><D93/><U134/><E123/><V43/><F43/><W0/><G0/><T9/><D9/><U29/><E131/><V32/><F65/><W12/><G132/><T95/><D95/><U128/><E128/><V105/><F6/><W61/><G127/><N who="2" m="48649" /><F86/><W75/><G75/><T10/><D10/><U98/><E124/><V115/><F108/><W102/><G113/><T104/><D104/><U68/><E68/><V60/><F115/><W94/><G61/><T49/><D55/><U59/><E64/><V44/><F44/><W25/><G12/><T84/><D85/><U120/><E120/><V17/><F105/><W79/><G79/><T58/><D84/><U67/><E67/><V121/><F121/><W13/><G13/><T4/><D4/><U46/><E46/><V20/><F101/><W69/><G69/><T3/><D3/><U109/><E100/><V103/><F103/><W135/><G135/><T45/><D45/><U15/><E134/><V19/><F19/><W92/><G102/><T133/><D133/><U34/><E112/><V114/><F114/><W106/><G106/><T90/><D90/><U63/><E109/><V51/><F60/><W130/><G130/><T23/><D30/><U11/><E63/><V111/><F111/><W28/><G50/><T81/><AGARI ba="0,0" hai="22,23,38,42,47,49,53,58,80,81,82,117,118,119" machi="81" ten="40,5200,0" yaku="0,1,12,1,52,1" doraHai="54" who="0" fromWho="0" sc="277,52,188,-13,180,-26,355,-13" /><INIT seed="7,0,0,4,0,123" ten="329,175,154,342" oya="3" hai0="36,63,130,54,16,117,21,31,23,74,131,0,93" hai1="94,57,121,97,65,100,98,102,82,129,95,4,78" hai2="52,75,22,80,127,104,115,103,122,8,70,13,19" hai3="47,27,12,108,124,90,67,11,112,89,33,84,109"/><W17/><G112/><T116/><D0/><U15/><E129/><N who="0" m="49161" /><D74/><U14/><E4/><V53/><F70/><W55/><G124/><T77/><D77/><U10/><E10/><V73/><F115/><W68/><G68/><T133/><D133/><U120/><E65/><V101/><F127/><W38/><G67/><T126/><D126/><U69/><E57/><V51/><F122/><N who="1" m="47209" /><E69/><V59/><F104/><W81/><G89/><T42/><D31/><U43/><E43/><V49/><F75/><W32/><G38/><T35/><D21/><U6/><E6/><V111/><F111/><N who="3" m="42571" /><G27/><N who="0" m="14823" /><D35/><U58/><E102/><V62/><F62/><W110/><N who="3" m="42579" /><W5/><DORA hai="41" /><G5/><T88/><D42/><U99/><E100/><V3/><F3/><W48/><AGARI ba="0,0" hai="11,12,17,32,33,47,48,55,81,84,90" m="42579" machi="48" ten="40,18000,2" yaku="25,1,10,1,52,5" doraHai="123,41" who="3" fromWho="3" sc="329,-60,175,-60,154,-60,342,180" owari="269,7.0,115,-28.0,94,-41.0,522,62.0" /></mjloggm>