<mjloggm ver="2.3"><GO type="169" lobby="0"/><UN n0="%E4%B8%AD%E6%9D%91%E8%B1%AA%EF%BC%A0" n1="%E3%81%AB%E3%82%87%E3%82%8D%E3%83%BC%E3%82%93%E8%A9%A6%E4%BD%9C%E6%A9%9F" n2="%51%6F%6F%E5%9D%8A" n3="%E3%82%B7%E3%83%AD%E3%82%AF%E3%83%AD" dan="16,17,16,16" rate="2084.74,2165.73,2024.82,2181.22" sx="M,M,M,M"/><TAIKYOKU oya="0"/><INIT seed="0,0,0,5,0,76" ten="250,250,250,250" oya="0" hai0="4,126,95,2,14,83,63,33,115,16,97,6,64" hai1="40,71,55,26,79,28,90,88,122,43,85,23,120" hai2="104,80,102,11,107,73,75,50,128,92,9,117,99" hai3="37,84,20,42,81,59,101,129,98,32,69,116,100"/><T127/><D33/><U19/><E71/><V70/><F70/><W134/><G116/><T41/><D41/><U108/><E108/><V65/><F65/><W82/><G129/><T72/><D115/><U54/><E79/><V35/><F35/><W38/><G134/><T49/><D49/><U124/><E124/><N who="0" m="47657" /><D2/><U131/><E131/><V52/><F128/><W24/><G69/><N who="0" m="42143" /><D72/><U87/><E23/><V67/><F67/><W31/><G32/><T66/><D66/><U68/><E68/><V46/><F117/><W48/><G38/><T118/><D118/><U29/><E26/><V57/><F73/><W3/><G3/><T61/><D61/><U112/><REACH who="1" step="1"/><E19/><REACH who="1" ten="250,240,250,250" step="2"/><V106/><F11/><W47/><G84/><T94/><D6/><U78/><E78/><V105/><F9/><W22/><G22/><N who="0" m="11543" /><D4/><U25/><E25/><V96/><F96/><W93/><REACH who="3" step="1"/><G101/><REACH who="3" ten="250,240,250,240" step="2"/><T53/><D97/><U12/><E12/><V114/><F99/><W27/><G27/><T133/><D133/><U113/><AGARI ba="0,2" hai="28,29,40,43,54,55,85,87,88,90,112,113,120,122" machi="113" ten="25,8000,1" yaku="1,1,0,1,22,2,54,1,53,0" doraHai="76" doraHaiUra="45" who="1" fromWho="1" sc="250,-40,240,100,250,-20,240,-20" /><INIT seed="1,0,0,2,3,34" ten="210,340,230,220" oya="1" hai0="37,117,56,9,108,8,54,102,127,0,39,16,57" hai1="101,78,31,77,19,1,93,47,96,132,89,79,12" hai2="109,70,121,23,105,51,28,103,65,129,86,113,72" hai3="35,10,82,58,46,107,130,44,99,119,2,69,11"/><U126/><E132/><V62/><F72/><W48/><G119/><T4/><D117/><U95/><E126/><V6/><F121/><W67/><G130/><T114/><D114/><U14/><E31/><V80/><F113/><W133/><G133/><T115/><D115/><U30/><E30/><V18/><F129/><W134/><G134/><T88/><D102/><U64/><E64/><V55/><F28/><W50/><G35/><T94/><D57/><U36/><E1/><V32/><F32/><W66/><G82/><T104/><D104/><U128/><E128/><V63/><F63/><W40/><G69/><T112/><D112/><U45/><E36/><V41/><F41/><W135/><G135/><T60/><D108/><U3/><E3/><V111/><F6/><W59/><G107/><T25/><D127/><U122/><E122/><V20/><F103/><W73/><G73/><T120/><D120/><U42/><E42/><V74/><F105/><W116/><G116/><T33/><D33/><U29/><E29/><V68/><F74/><W84/><G84/><T110/><D110/><N who="2" m="41994" /><F18/><W52/><G99/><N who="0" m="57799" /><D8/><N who="3" m="3113" /><G2/><T90/><D90/><U27/><E89/><N who="2" m="51399" /><F68/><W26/><G26/><T98/><D98/><U61/><E96/><V97/><F97/><W22/><G22/><AGARI ba="0,0" hai="0,4,9,16,22,25,37,39,54,56,60" m="57799" machi="22" ten="30,7700,0" yaku="25,1,52,1,54,2" doraHai="34" who="0" fromWho="3" sc="210,77,340,0,230,0,220,-77" /><INIT seed="2,0,0,2,1,64" ten="287,340,230,143" oya="2" hai0="105,132,122,92,56,106,103,97,36,42,3,24,8" hai1="117,6,41,63,123,51,52,102,59,15,75,58,21" hai2="69,55,7,109,101,99,25,12,130,37,89,134,121" hai3="10,32,40,43,128,127,18,118,47,31,114,62,91"/><V68/><F121/><W14/><G114/><T124/><D122/><U84/><E75/><V33/><F37/><W39/><G118/><T125/><D132/><U82/><E117/><V83/><F134/><W27/><G127/><T2/><D24/><U79/><E123/><V30/><F55/><W71/><G128/><T67/><D42/><U19/><E102/><V107/><F130/><W35/><G40/><T72/><D36/><U38/><E38/><V26/><F109/><W80/><G35/><T126/><D72/><U5/><REACH who="1" step="1"/><E41/><REACH who="1" ten="287,330,230,143" step="2"/><V100/><F100/><W115/><G115/><T28/><D103/><U111/><E111/><V108/><F108/><W9/><G39/><T129/><D129/><U70/><E70/><V133/><F133/><W22/><G43/><T88/><D125/><U81/><E81/><V135/><F135/><W0/><G71/><T1/><D124/><U20/><E20/><V66/><F83/><W17/><G80/><T61/><D126/><U73/><E73/><V74/><F74/><W23/><G23/><T57/><D8/><U29/><E29/><V85/><F68/><W78/><G10/><T87/><D28/><U96/><E96/><V16/><F30/><W45/><G9/><T13/><D97/><U4/><E4/><V116/><F7/><W54/><G22/><T53/><D87/><U131/><E131/><V48/><F116/><W76/><G31/><T120/><D120/><U90/><E90/><V44/><F69/><W77/><G91/><T110/><D110/><U65/><AGARI ba="0,1" hai="5,6,15,19,21,51,52,58,59,63,65,79,82,84" machi="65" ten="20,12000,2" yaku="1,1,0,1,7,1,8,1,54,1,53,1" doraHai="64" doraHaiUra="60" who="1" fromWho="1" sc="287,-30,330,130,230,-60,143,-30" /><INIT seed="3,0,0,1,4,49" ten="257,460,170,113" oya="3" hai0="48,60,72,16,70,96,14,91,80,97,27,54,78" hai1="132,110,32,118,89,106,24,124,47,77,5,11,82" hai2="108,17,4,13,28,44,93,42,101,95,39,116,53" hai3="12,15,36,3,1,102,71,52,88,56,30,43,66"/><W40/><G30/><T45/><D27/><U59/><E106/><V135/><F116/><W41/><G102/><T37/><D37/><U133/><E110/><V73/><F73/><W7/><G36/><T34/><D34/><U33/><E89/><V63/><F28/><W84/><G66/><T2/><D2/><U31/><E124/><V62/><F108/><W130/><G71/><T22/><D70/><U109/><E109/><V104/><F4/><W21/><G130/><T46/><D46/><U111/><E111/><V6/><F6/><W51/><G12/><T125/><D125/><U98/><E98/><V20/><F135/><N who="1" m="51785" /><E59/><V25/><F104/><W10/><REACH who="3" step="1"/><G21/><REACH who="3" ten="257,460,170,103" step="2"/><T64/><D64/><U90/><E33/><V120/><F101/><W87/><G87/><T58/><REACH who="0" step="1"/><D91/><REACH who="0" ten="247,460,170,103" step="2"/><U113/><E90/><V92/><F25/><W86/><G86/><T67/><AGARI ba="0,2" hai="14,16,22,45,48,54,58,60,67,72,78,80,96,97" machi="67" ten="20,12000,2" yaku="1,1,2,1,0,1,7,1,52,1,54,1,53,0" doraHai="49" doraHaiUra="85" who="0" fromWho="0" sc="247,140,460,-30,170,-30,103,-60" /><INIT seed="4,0,0,3,4,36" ten="387,430,140,43" oya="0" hai0="42,43,29,9,103,86,113,48,123,68,109,126,70" hai1="73,13,79,66,16,63,107,100,83,10,78,131,91" hai2="56,54,132,112,122,62,124,6,53,84,25,39,35" hai3="61,111,90,105,69,133,134,59,67,32,57,106,0"/><T65/><D123/><U40/><E131/><V102/><F122/><W135/><G111/><T95/><D113/><U104/><E78/><V44/><F112/><W15/><G0/><T41/><D109/><U80/><E100/><V17/><F6/><W129/><G129/><T11/><D29/><U81/><E40/><V28/><F132/><W118/><G118/><T93/><D126/><U3/><E3/><V88/><F102/><W92/><G32/><T115/><D115/><U26/><E26/><V21/><F124/><W114/><G114/><T89/><D70/><U74/><E74/><V125/><F125/><W50/><G15/><T38/><D38/><U23/><E10/><N who="0" m="3593" /><D68/><U18/><E18/><V87/><F87/><W60/><G50/><T99/><D65/><U71/><REACH who="1" step="1"/><E91/><REACH who="1" ten="387,420,140,43" step="2"/><V76/><F76/><W46/><G133/><T130/><D130/><U8/><E8/><V108/><F108/><W52/><G134/><T34/><D34/><U47/><E47/><AGARI ba="0,1" hai="41,42,43,47,48,86,89,93,95,99,103" m="3593" machi="47" ten="30,11600,0" yaku="8,1,52,3" doraHai="36" who="0" fromWho="1" sc="387,126,420,-116,140,0,43,0" /><INIT seed="4,1,0,2,0,80" ten="513,304,140,43" oya="0" hai0="132,128,104,26,71,7,87,33,24,42,50,23,85" hai1="82,21,55,89,66,22,112,2,134,44,65,37,109" hai2="91,28,56,67,74,93,105,98,118,86,94,45,100" hai3="83,92,78,38,110,54,19,96,29,111,40,30,114"/><T77/><D104/><U20/><E109/><V101/><F118/><W117/><G117/><T15/><D71/><U75/><E2/><V18/><F28/><W49/><G114/><T68/><D68/><U90/><E112/><V73/><F45/><W127/><G127/><T25/><D33/><U3/><E3/><V113/><F113/><W17/><G40/><T116/><D116/><U103/><E103/><N who="2" m="62711" /><F18/><W133/><G38/><T81/><D132/><U51/><E134/><V63/><F56/><W43/><G133/><T62/><D62/><U36/><E75/><N who="2" m="28683" /><F67/><W34/><G43/><T48/><D42/><U119/><E119/><V70/><F63/><W106/><G106/><T135/><D128/><U102/><E65/><V122/><F70/><W130/><G130/><T46/><D46/><U79/><E66/><V58/><F58/><W10/><G110/><T88/><D135/><U129/><E129/><V120/><F94/><W61/><G111/><T72/><D23/><U115/><E115/><V11/><F11/><W57/><G34/><T6/><D72/><U108/><E108/><V16/><F16/><N who="3" m="6219" /><G10/><N who="0" m="4567" /><D7/><U59/><E44/><V69/><F69/><W52/><G54/><T9/><D9/><U53/><E55/><V64/><F64/><W124/><G61/><T126/><D126/><U60/><E60/><V12/><F12/><W84/><G124/><T41/><D41/><U8/><E36/><V121/><AGARI ba="1,0" hai="86,91,93,100,101,120,121,122" m="28683,62711" machi="121" ten="40,5200,0" yaku="34,2,52,1" doraHai="80" who="2" fromWho="2" sc="513,-27,304,-14,140,55,43,-14" /><INIT seed="5,0,0,3,3,123" ten="486,290,195,29" oya="1" hai0="87,77,12,42,3,64,83,113,132,2,121,105,103" hai1="100,107,89,135,102,129,110,122,98,49,99,51,35" hai2="43,65,50,95,28,8,128,0,52,76,78,20,60" hai3="17,59,73,48,88,80,13,81,25,24,27,116,79"/><U112/><E122/><V118/><F118/><W111/><G116/><T7/><D121/><U104/><E35/><V54/><F128/><W108/><G48/><T119/><D119/><U69/><E69/><V41/><F0/><W4/><G4/><T62/><D113/><U71/><E71/><V15/><F54/><W85/><REACH who="3" step="1"/><G59/><REACH who="3" ten="486,290,195,19" step="2"/><T86/><D7/><U11/><E51/><V130/><F50/><W21/><AGARI ba="0,1" hai="13,17,21,24,25,27,73,79,80,81,85,88,108,111" machi="21" ten="30,12000,2" yaku="1,1,2,1,0,1,52,2,54,1,53,0" doraHai="123" doraHaiUra="29" who="3" fromWho="3" sc="486,-30,290,-60,195,-30,19,130" /><INIT seed="6,0,0,5,4,58" ten="456,230,165,149" oya="2" hai0="19,81,85,16,35,53,97,121,12,119,11,63,82" hai1="135,50,127,86,55,20,38,64,13,75,21,46,129" hai2="10,118,105,59,17,134,54,74,61,73,89,104,95" hai3="109,124,49,0,60,110,72,114,117,111,36,123,27"/><V18/><F118/><W1/><G117/><T96/><D35/><U131/><E75/><V39/><F39/><W98/><G123/><T126/><D126/><U62/><E127/><V24/><F134/><W23/><G124/><T31/><D31/><U76/><E38/><V93/><F74/><W69/><G36/><T115/><D115/><U71/><E135/><V133/><F73/><W51/><G72/><T57/><D121/><U84/><E76/><V70/><F133/><W32/><G32/><T40/><D40/><U22/><REACH who="1" step="1"/><E13/><REACH who="1" ten="456,220,165,149" step="2"/><N who="2" m="7351" /><F105/><W132/><G132/><T45/><D119/><U7/><E7/><V102/><F104/><W5/><G5/><T79/><D79/><U8/><E8/><V94/><F102/><W52/><G114/><T3/><D11/><U77/><E77/><V56/><F70/><W30/><G69/><T113/><D12/><U107/><E107/><V25/><F89/><W26/><G0/><T130/><D113/><U67/><E67/><N who="2" m="39335" /><F18/><W83/><G1/><T125/><D16/><U43/><E43/><V44/><F44/><W33/><G111/><T42/><D45/><U99/><E99/><V48/><AGARI ba="0,1" hai="24,25,48,54,59,93,94,95" m="39335,7351" machi="48" ten="30,3000,0" yaku="8,1,52,1" doraHai="58" who="2" fromWho="2" sc="456,-10,220,-10,165,40,149,-10" /><INIT seed="6,1,0,3,5,95" ten="446,210,205,139" oya="2" hai0="121,57,76,58,32,10,23,11,125,56,107,84,90" hai1="132,66,72,116,15,24,71,115,110,16,81,69,3" hai2="111,64,47,49,63,18,89,9,29,42,105,91,44" hai3="50,52,7,34,25,74,85,83,92,33,120,19,28"/><V130/><F105/><W62/><G120/><T135/><D32/><U114/><E110/><V22/><F111/><W131/><G131/><T117/><D107/><U8/><E116/><V82/><F130/><W109/><G109/><T27/><D121/><U39/><E39/><V134/><F29/><W112/><G112/><N who="1" m="43050" /><E3/><V41/><F9/><W122/><G122/><T128/><D128/><U118/><E118/><V99/><F134/><W60/><G74/><T77/><D125/><U61/><E24/><V75/><F75/><W68/><G34/><T108/><D108/><U5/><E5/><V123/><F82/><W17/><G7/><T31/><D135/><U20/><E20/><V2/><F2/><W124/><G124/><T80/><D117/><U98/><E98/><V97/><F91/><W93/><G93/><T73/><D73/><U104/><E104/><V103/><F89/><W133/><G92/><T113/><D113/><U59/><E132/><V88/><F88/><W100/><G100/><T54/><D54/><U78/><AGARI ba="1,0" hai="8,15,16,59,61,66,69,71,72,78,81" m="43050" machi="78" ten="30,2000,0" yaku="15,1,54,1" doraHai="95" who="1" fromWho="1" sc="446,-6,210,23,205,-11,139,-6" /><INIT seed="7,0,0,2,2,38" ten="440,233,194,133" oya="3" hai0="135,37,92,36,131,119,35,118,31,20,70,24,99" hai1="116,54,125,13,66,59,117,102,73,1,105,128,12" hai2="44,32,3,115,39,29,49,95,9,127,113,98,16" hai3="68,50,74,114,91,81,19,83,28,76,106,75,111"/><W15/><G68/><T107/><D70/><U55/><E73/><V123/><F32/><W120/><G120/><T82/><D107/><U17/><E1/><V124/><F29/><W14/><G111/><T0/><D0/><U57/><E128/><V63/><F63/><W51/><G114/><N who="2" m="43529" /><F39/><W47/><G106/><T25/><D131/><U53/><E125/><N who="2" m="48203" /><F123/><W62/><G28/><T46/><D82/><U130/><E130/><V80/><F80/><W132/><G132/><T77/><D77/><U23/><E13/><N who="2" m="7215" /><F3/><W79/><G62/><T121/><D121/><U41/><E66/><V33/><F33/><W133/><G133/><T65/><D65/><U69/><E69/><V56/><F56/><W6/><G6/><T4/><D4/><U72/><E72/><V42/><F95/><W94/><G19/><T7/><D7/><U103/><E105/><V109/><F98/><W48/><REACH who="3" step="1"/><G47/><REACH who="3" ten="440,233,194,123" step="2"/><T18/><D135/><U93/><E116/><V61/><F61/><W100/><G100/><N who="0" m="60519" /><D119/><U60/><E117/><V45/><F44/><W87/><AGARI ba="0,1" hai="14,15,48,50,51,74,75,76,79,81,83,87,91,94" machi="87" ten="30,12000,1" yaku="1,1,0,1,9,1,53,2" doraHai="38" doraHaiUra="104" who="3" fromWho="3" sc="440,-40,233,-40,194,-40,123,130" /><INIT seed="7,1,0,3,3,91" ten="400,193,154,253" oya="3" hai0="103,127,93,36,6,49,106,104,107,63,52,18,26" hai1="11,84,83,12,28,118,24,0,54,2,100,85,19" hai2="75,129,102,71,90,45,37,94,3,68,109,7,80" hai3="33,56,87,113,119,121,40,130,57,79,122,76,97"/><W21/><G119/><T117/><D36/><U14/><E118/><V86/><F109/><W77/><G33/><T98/><D117/><U15/><E100/><V78/><F129/><W88/><G40/><T126/><D63/><U67/><E67/><V27/><F27/><W124/><G130/><T134/><D134/><U39/><E39/><V105/><F7/><W69/><G69/><T73/><D73/><U46/><E84/><V70/><F3/><W47/><G47/><T44/><D6/><U42/><E42/><V50/><F37/><W108/><G108/><T10/><D10/><U1/><E28/><V92/><F105/><W112/><G124/><N who="0" m="47659" /><D18/><U4/><E24/><AGARI ba="1,0" hai="24,26,44,49,52,93,98,103,104,106,107" m="47659" machi="24" ten="40,5200,0" yaku="18,1,52,1,54,1" doraHai="91" who="0" fromWho="1" sc="400,55,193,-55,154,0,253,0" owari="455,56.0,138,-36.0,154,-25.0,253,5.0" /></mjloggm>