<mjloggm ver="2.3"><GO type="225" lobby="0"/><UN n0="%E3%82%BB%E3%83%96%E3%83%AB%E3%82%B9" n1="%E3%81%AA%E3%82%81%E3%81%93%E9%9B%80%E5%A3%AB" n2="%E3%81%BD%E3%83%BC%E3%82%93%64%65%E3%83%AA%E3%83%B3%E3%82%B0" n3="%E3%82%8C%E3%81%A3%E3%81%A9%E3%81%A9%E3%81%A3%E3%81%90" dan="16,16,16,16" rate="2134.04,2172.97,2187.04,2084.50" sx="F,M,M,F"/><TAIKYOKU oya="0"/><INIT seed="0,0,0,0,2,40" ten="250,250,250,250" oya="0" hai0="45,65,84,99,20,72,132,23,120,57,30,39,18" hai1="130,55,17,33,36,80,81,24,73,76,75,6,66" hai2="101,111,78,124,96,51,19,108,42,8,109,46,112" hai3="85,60,77,15,35,14,118,47,88,9,117,37,61"/><T91/><D120/><U25/><E130/><V131/><F131/><W12/><G35/><T110/><D72/><U70/><E6/><V133/><F112/><W49/><G37/><T29/><D132/><U67/><E36/><V93/><F133/><W105/><G77/><T87/><D110/><U7/><E7/><V13/><REACH who="2" step="1"/><F78/><REACH who="2" ten="250,250,240,250" step="2"/><W3/><G117/><T94/><D30/><U27/><E76/><V113/><F113/><W83/><G118/><T134/><D29/><U128/><E128/><V92/><F92/><W107/><G107/><T32/><D134/><U122/><E122/><V89/><F89/><W114/><G105/><T5/><D91/><U119/><E119/><V115/><F115/><W129/><G114/><T69/><D94/><U54/><E81/><V26/><F26/><W86/><G129/><T31/><D31/><U90/><E25/><V116/><F116/><W2/><G2/><T102/><D102/><U82/><E90/><V21/><F21/><W53/><G3/><T126/><D23/><U58/><E33/><V22/><F22/><W98/><G98/><T62/><D99/><U127/><E27/><V121/><F121/><W34/><G34/><T52/><D32/><U125/><E24/><V50/><F50/><W28/><G28/><T0/><D20/><U64/><E82/><V100/><F100/><W106/><G106/><T38/><D39/><U44/><E80/><V56/><F56/><W97/><G97/><T123/><D123/><U135/><E58/><V68/><F68/><W71/><G71/><T11/><D38/><U41/><E135/><RYUUKYOKU ba="0,1" sc="250,-10,250,-10,240,30,250,-10" hai2="8,13,19,42,46,51,93,96,101,108,109,111,124" /><INIT seed="1,1,1,1,4,121" ten="240,240,270,240" oya="1" hai0="75,128,78,82,22,20,2,29,21,134,14,120,125" hai1="35,112,0,30,126,66,123,63,51,79,44,80,59" hai2="118,86,32,15,25,70,37,69,39,71,101,124,90" hai3="113,103,23,24,119,111,73,10,95,9,130,62,65"/><U36/><E36/><V60/><F118/><W11/><G113/><T64/><D2/><U96/><E112/><V115/><F115/><W88/><G73/><T117/><D117/><U98/><E0/><V83/><F124/><W34/><G34/><T38/><D120/><U28/><E123/><V57/><F101/><W133/><G119/><T132/><D38/><U127/><E127/><V131/><F131/><W1/><G1/><T105/><D125/><U109/><E109/><V31/><REACH who="2" step="1"/><F15/><REACH who="2" ten="240,240,260,240" step="2"/><W26/><G130/><T104/><D128/><U13/><E126/><V16/><F16/><N who="3" m="12391" /><G111/><T100/><D14/><U41/><E30/><V17/><F17/><W53/><G26/><T67/><D29/><U92/><E13/><V89/><F89/><W81/><G103/><T18/><D18/><U12/><E12/><V52/><AGARI ba="1,2" hai="25,31,32,37,39,52,57,60,69,70,71,83,86,90" machi="52" ten="30,4000,0" yaku="1,1,0,1,54,1,53,0" doraHai="121" doraHaiUra="102" who="2" fromWho="2" sc="240,-11,240,-21,260,63,240,-11" /><INIT seed="2,0,0,4,0,43" ten="229,219,323,229" oya="2" hai0="23,78,113,67,53,30,102,15,83,58,119,36,22" hai1="101,72,73,94,77,59,112,84,104,134,55,31,35" hai2="88,93,110,132,60,9,12,121,68,98,99,71,48" hai3="108,25,87,120,80,6,133,76,5,86,90,27,61"/><V17/><F121/><W89/><G120/><T14/><D113/><U34/><E112/><V13/><F132/><W1/><G133/><T79/><D119/><U26/><E134/><V38/><F38/><W129/><G129/><T74/><D36/><U66/><E66/><V125/><F125/><W44/><G108/><T16/><D67/><U54/><E35/><V117/><F117/><W37/><G61/><T10/><D102/><U116/><E116/><V100/><F110/><W65/><G65/><T111/><D111/><U56/><E104/><V131/><F131/><W124/><G124/><T82/><D30/><U3/><E3/><V45/><F13/><W18/><G18/><T7/><D23/><U114/><E114/><V95/><F68/><W24/><G1/><T52/><D58/><U75/><E59/><V28/><F28/><W21/><G21/><T20/><REACH who="0" step="1"/><D22/><REACH who="0" ten="219,219,323,229" step="2"/><U32/><E56/><V123/><F123/><W4/><G37/><T51/><D51/><U85/><E34/><V33/><F33/><W47/><REACH who="3" step="1"/><G76/><REACH who="3" ten="219,219,323,219" step="2"/><T19/><D19/><U109/><E109/><V63/><F71/><W135/><G135/><T126/><D126/><U50/><E77/><V49/><F49/><W130/><G130/><T103/><D103/><U97/><E50/><V69/><F69/><W57/><G57/><T2/><D2/><U96/><E101/><V107/><F107/><W62/><G62/><T115/><D115/><U46/><E32/><V29/><F29/><W64/><G64/><T41/><D41/><AGARI ba="0,2" hai="9,12,17,41,45,48,60,63,88,93,95,98,99,100" machi="41" ten="30,11600,0" yaku="7,1,8,1,52,1,54,1" doraHai="43" who="2" fromWho="0" sc="219,-116,219,0,323,136,219,0" /><INIT seed="2,1,0,1,0,62" ten="103,219,459,219" oya="2" hai0="90,102,43,116,96,87,26,114,65,23,115,129,69" hai1="99,103,35,112,86,13,126,18,130,7,97,100,74" hai2="128,76,127,119,78,51,8,50,135,121,118,117,36" hai3="54,4,125,17,85,10,33,101,123,98,106,80,94"/><V93/><F36/><W84/><G123/><T11/><D129/><U110/><E74/><V59/><F121/><W68/><G33/><T122/><D122/><U32/><E112/><V24/><F128/><W3/><G68/><T16/><D116/><U15/><E130/><V20/><F135/><W120/><G120/><T58/><D69/><U113/><E113/><V91/><F127/><W88/><G125/><T0/><D43/><U28/><E126/><V44/><F8/><W45/><G17/><T81/><D0/><U71/><E71/><V40/><F51/><W83/><G45/><T55/><D11/><U104/><E28/><V5/><F59/><W47/><G47/><T72/><D72/><U48/><E48/><V31/><REACH who="2" step="1"/><F5/><REACH who="2" ten="103,219,449,219" step="2"/><W46/><G46/><T79/><D79/><U107/><E7/><V105/><F105/><W2/><G106/><T109/><D109/><U53/><E110/><V89/><F89/><W60/><G10/><T77/><D77/><U75/><E107/><V34/><F34/><W42/><G4/><T38/><D38/><U67/><E104/><V37/><F37/><W9/><G9/><T92/><REACH who="0" step="1"/><D65/><REACH who="0" ten="93,219,449,219" step="2"/><U70/><E67/><V1/><F1/><W124/><G2/><T6/><D6/><U22/><E70/><V82/><F82/><W39/><G3/><T111/><D111/><U132/><E132/><V63/><F63/><AGARI ba="1,2" hai="16,23,26,55,58,63,81,87,90,92,96,102,114,115" machi="63" ten="30,7700,0" yaku="1,1,7,1,54,1,53,1" doraHai="62" doraHaiUra="57" who="0" fromWho="2" sc="93,100,219,0,449,-80,219,0" /><INIT seed="3,0,0,5,5,24" ten="193,219,369,219" oya="3" hai0="36,11,109,95,98,6,130,91,107,125,87,66,48" hai1="116,61,69,88,23,94,9,62,29,1,42,68,4" hai2="97,12,58,77,20,96,10,60,132,44,15,128,27" hai3="82,22,124,123,65,70,28,113,21,78,121,53,119"/><W45/><G113/><T13/><D36/><U0/><E0/><V47/><F128/><W52/><G119/><T129/><D109/><U90/><E42/><V122/><F132/><W83/><G70/><T80/><D125/><U99/><E116/><V38/><F77/><W93/><G65/><T57/><D107/><U55/><E90/><V92/><F122/><W74/><G124/><T46/><D66/><U39/><E39/><V50/><F38/><W114/><G114/><T14/><D57/><U72/><E72/><V76/><F76/><W126/><G126/><T110/><D110/><U34/><E34/><V41/><F47/><W37/><G93/><T133/><D133/><U108/><E108/><V79/><F79/><W2/><G2/><T89/><REACH who="0" step="1"/><D14/><REACH who="0" ten="183,219,369,219" step="2"/><U8/><E69/><V106/><F106/><W100/><G123/><T120/><D120/><U63/><E68/><V56/><F56/><W33/><G121/><T30/><D30/><U49/><E1/><V35/><F58/><W103/><G37/><T16/><D16/><U67/><E67/><V115/><F15/><W43/><G28/><T105/><D105/><U31/><E31/><V135/><F12/><W40/><G45/><T85/><D85/><U134/><E134/><V18/><F135/><W75/><G78/><T17/><D17/><U51/><E4/><V64/><F18/><W84/><G84/><T25/><D25/><N who="1" m="16575" /><E55/><AGARI ba="0,1" hai="6,11,13,46,48,55,80,87,89,91,95,98,129,130" machi="55" ten="40,1300,0" yaku="1,1,53,0" doraHai="24" doraHaiUra="117" who="0" fromWho="1" sc="183,23,219,-13,369,0,219,0" owari="206,-19.0,206,-29.0,369,46.0,219,2.0" /></mjloggm>