<mjloggm ver="2.3"><GO type="225" lobby="0"/><UN n0="%E3%82%8C%E3%81%A3%E3%81%A9%E3%81%A9%E3%81%A3%E3%81%90" n1="%E8%B5%A4%E8%A3%8F%E3%83%9B%E3%82%B7%E3%83%BC%E3%83%8E" n2="%E5%AE%88%E5%82%99%E3%83%80%E3%83%AB%E3%83%9E" n3="%E3%81%92%E3%81%A3%E3%81%A1" dan="16,16,16,16" rate="2079.94,2155.33,2098.42,2137.99" sx="F,M,F,M"/><TAIKYOKU oya="0"/><INIT seed="0,0,0,3,0,113" ten="250,250,250,250" oya="0" hai0="90,79,0,58,131,48,67,135,73,34,8,54,71" hai1="25,109,9,86,66,99,2,91,77,116,59,32,45" hai2="11,119,27,68,102,10,14,20,26,126,118,94,33" hai3="15,39,21,134,69,130,115,117,35,81,123,128,98"/><T57/><D34/><U38/><E99/><V112/><F68/><W22/><G81/><T80/><D135/><U50/><E77/><V63/><F63/><W18/><G98/><T64/><D131/><N who="3" m="50217" /><G39/><T30/><D30/><U44/><E44/><V61/><F61/><W82/><G82/><T1/><D71/><U55/><E109/><V125/><F112/><W49/><G49/><T60/><D67/><U17/><E66/><V96/><F33/><W46/><G46/><T62/><D62/><U37/><E59/><V106/><F106/><W7/><G69/><T105/><D105/><U89/><E89/><V70/><F70/><W13/><G115/><T36/><D36/><U43/><E43/><V83/><F83/><W132/><G123/><T16/><REACH who="0" step="1"/><D90/><REACH who="0" ten="240,250,250,250" step="2"/><U75/><E91/><V52/><F126/><W124/><G124/><T28/><D28/><U103/><E38/><V133/><F133/><W5/><G35/><T72/><D72/><U42/><E37/><V107/><F107/><W4/><G117/><N who="2" m="44553" /><F125/><W120/><G120/><T56/><D56/><U24/><E32/><V76/><F76/><W104/><G104/><T122/><D122/><U111/><E116/><V88/><F102/><W108/><G108/><T41/><D41/><U114/><E103/><V127/><F127/><W3/><G134/><T12/><AGARI ba="0,1" hai="0,1,8,12,16,48,54,57,58,60,64,73,79,80" machi="12" ten="30,6000,0" yaku="1,1,0,1,54,1,53,0" doraHai="113" doraHaiUra="100" who="0" fromWho="0" sc="240,70,250,-20,250,-20,250,-20" /><INIT seed="0,1,0,2,4,56" ten="310,230,230,230" oya="0" hai0="64,80,111,37,135,28,47,110,103,86,48,45,94" hai1="104,44,6,19,114,0,55,112,98,127,73,8,79" hai2="115,89,116,58,124,59,77,26,96,109,97,75,49" hai3="132,38,12,22,85,42,78,57,106,51,82,120,7"/><T30/><D135/><U21/><E127/><V4/><F115/><N who="1" m="44073" /><E79/><V10/><F124/><W126/><G126/><T129/><D129/><U119/><E73/><V68/><F68/><W65/><G106/><T70/><D103/><N who="1" m="62583" /><E44/><V1/><F109/><N who="0" m="41482" /><D94/><U27/><E55/><V25/><F116/><AGARI ba="1,0" hai="0,6,8,19,21,27,116,119" m="62583,44073" machi="116" ten="30,1000,0" yaku="11,1" doraHai="56" who="1" fromWho="2" sc="310,0,230,13,230,-13,230,0" /><INIT seed="1,0,0,3,5,73" ten="310,243,217,230" oya="1" hai0="89,129,29,60,50,26,112,92,54,45,0,109,99" hai1="97,128,84,122,98,100,104,95,13,47,39,61,55" hai2="40,90,30,121,24,59,130,5,3,70,87,4,18" hai3="15,25,127,131,43,114,135,118,69,71,9,16,77"/><U51/><E122/><V28/><F121/><W8/><G114/><T1/><D112/><U103/><E128/><V94/><F70/><W2/><G131/><T116/><D109/><U52/><E39/><V31/><F130/><W23/><G127/><T80/><D116/><U111/><E111/><V12/><F40/><W38/><G118/><T62/><D129/><U46/><E13/><V81/><F3/><W27/><G135/><T101/><D1/><U58/><E84/><V22/><F59/><AGARI ba="0,0" hai="46,47,51,52,55,58,59,61,95,97,98,100,103,104" machi="59" ten="30,2900,0" yaku="7,1,54,1" doraHai="73" who="1" fromWho="2" sc="310,0,243,29,217,-29,230,0" /><INIT seed="1,1,0,5,5,112" ten="310,272,188,230" oya="1" hai0="93,2,28,4,32,73,101,84,123,31,22,131,15" hai1="11,16,117,86,106,99,133,26,57,45,34,41,29" hai2="40,10,75,60,92,33,66,105,87,27,122,43,23" hai3="25,88,42,132,67,91,8,24,5,125,130,100,116"/><U114/><E114/><V134/><F122/><W20/><G132/><T126/><D73/><U70/><E70/><V103/><F75/><W78/><G130/><T135/><D135/><U104/><E133/><V44/><F134/><W55/><G125/><T61/><D126/><U17/><E117/><V7/><F105/><W51/><G78/><T82/><D131/><U49/><E106/><V71/><F33/><W81/><G100/><T13/><D32/><U90/><E99/><V47/><F44/><W80/><G67/><T111/><D2/><U113/><E104/><V65/><F65/><W96/><G42/><T3/><D3/><U74/><E74/><V38/><F43/><W118/><G96/><N who="0" m="59535" /><D111/><U120/><E120/><V56/><F71/><W102/><G102/><T62/><D4/><U83/><E113/><V97/><F87/><W108/><G108/><T128/><D128/><U59/><E11/><V129/><F129/><W79/><G8/><T9/><D9/><U54/><REACH who="1" step="1"/><E59/><REACH who="1" ten="310,262,188,230" step="2"/><V85/><F85/><N who="3" m="48287" /><G118/><T64/><D123/><U77/><E77/><V1/><F1/><W52/><G116/><T89/><D84/><U94/><E94/><V115/><F115/><W46/><G81/><T37/><D82/><U124/><E124/><V12/><F7/><W72/><G5/><T21/><D37/><AGARI ba="1,1" hai="16,17,26,29,34,37,41,45,49,54,57,83,86,90" machi="37" ten="30,11600,0" yaku="1,1,7,1,54,1,53,1" doraHai="112" doraHaiUra="48" who="1" fromWho="0" sc="310,-119,262,129,188,0,230,0" /><INIT seed="1,2,0,0,1,76" ten="191,391,188,230" oya="1" hai0="56,37,89,36,24,131,110,134,101,10,14,62,4" hai1="59,81,41,125,17,70,12,119,91,85,23,16,111" hai2="53,33,30,25,60,90,98,74,88,49,123,93,55" hai3="43,20,40,67,39,128,47,11,22,129,82,77,48"/><U130/><E70/><V6/><F123/><W121/><G67/><T28/><D110/><U27/><E111/><V113/><F74/><W124/><G121/><T58/><D101/><U133/><E119/><V126/><F126/><W0/><G124/><T127/><D127/><U108/><E108/><V64/><F113/><W7/><G43/><T87/><D134/><U52/><E125/><V132/><F132/><W9/><G9/><T112/><D131/><N who="3" m="50249" /><G48/><T86/><D112/><U79/><E133/><V54/><F6/><W32/><G32/><T18/><D86/><AGARI ba="2,0" hai="0,7,11,20,22,39,40,47,77,82,86" m="50249" machi="86" ten="30,2000,0" yaku="19,1,52,1" doraHai="76" who="3" fromWho="0" sc="191,-26,391,0,188,0,230,26" /><INIT seed="2,0,0,4,5,24" ten="165,391,188,256" oya="2" hai0="96,114,27,98,45,66,16,74,35,38,104,102,18" hai1="99,7,42,127,43,124,44,134,19,33,82,103,15" hai2="80,120,91,39,25,87,46,49,13,51,112,59,8" hai3="23,119,73,118,128,108,68,93,69,92,97,5,100"/><V110/><F112/><W54/><G73/><T12/><D114/><U37/><E42/><V48/><F120/><W107/><G5/><T21/><D74/><U130/><E33/><V67/><F110/><W26/><G108/><T90/><D66/><U4/><E82/><V11/><F39/><W53/><G107/><T95/><D35/><U135/><E7/><V40/><F25/><W81/><G81/><T122/><D122/><U29/><E4/><N who="2" m="3207" /><F11/><W131/><G92/><T34/><D34/><U6/><E6/><V101/><F101/><W88/><G100/><T47/><REACH who="0" step="1"/><D38/><REACH who="0" ten="155,391,188,256" step="2"/><U121/><E37/><V32/><F32/><W123/><G123/><T58/><D58/><U1/><E121/><V78/><F78/><W85/><G68/><T89/><D89/><U106/><E103/><V116/><F116/><W65/><G69/><T30/><D30/><U10/><E29/><V9/><F9/><AGARI ba="0,1" hai="9,12,16,18,21,27,45,47,90,95,96,98,102,104" machi="9" ten="30,3900,0" yaku="1,1,7,1,54,1,53,0" doraHai="24" doraHaiUra="31" who="0" fromWho="2" sc="155,49,391,0,188,-39,256,0" /><INIT seed="3,0,0,4,0,71" ten="204,391,149,256" oya="3" hai0="69,0,81,109,5,39,73,11,90,97,59,103,38" hai1="135,126,42,116,54,123,14,117,63,34,51,41,28" hai2="84,8,93,60,58,15,64,88,113,132,94,99,106" hai3="7,56,115,1,13,29,79,107,17,82,52,118,21"/><W32/><G107/><N who="0" m="63983" /><D90/><U95/><E123/><V26/><F132/><W86/><G115/><T48/><D48/><U108/><E108/><V87/><F113/><W50/><G118/><N who="1" m="45674" /><E63/><V91/><F106/><W23/><G32/><T133/><D59/><U16/><E126/><V20/><F99/><W72/><G72/><T66/><D109/><U53/><E53/><V61/><F61/><W67/><G1/><T102/><D102/><U130/><E130/><V89/><F89/><W2/><G2/><T24/><D24/><N who="1" m="18695" /><E95/><V45/><F45/><W76/><G7/><T37/><D133/><U68/><E68/><V47/><F47/><W35/><G35/><T62/><D81/><U49/><E49/><V105/><F105/><W65/><G76/><T4/><D4/><U25/><E25/><AGARI ba="0,0" hai="13,17,21,23,25,29,50,52,56,65,67,79,82,86" machi="25" ten="40,3900,0" yaku="8,1,54,1" doraHai="71" who="3" fromWho="1" sc="204,0,391,-39,149,0,256,39" /><INIT seed="3,1,0,5,5,91" ten="204,352,149,295" oya="3" hai0="48,32,116,34,16,23,103,69,17,113,74,5,89" hai1="93,79,31,8,110,71,27,68,13,24,80,90,81" hai2="121,41,108,62,45,25,21,107,117,70,46,0,53" hai3="7,61,131,102,124,58,66,125,30,52,114,96,76"/><W28/><G114/><T118/><D74/><U47/><E110/><V132/><F0/><W64/><G7/><T40/><D69/><U57/><E47/><V88/><F117/><W38/><G76/><T100/><D5/><U112/><E112/><V19/><F107/><W43/><G131/><T6/><D6/><U54/><E71/><V123/><F108/><W14/><G14/><T134/><D113/><U10/><E68/><V12/><F132/><W85/><G85/><T111/><D111/><U29/><E79/><V105/><F105/><W94/><G43/><T56/><D40/><U42/><E42/><V78/><F78/><W73/><G73/><T49/><D23/><U115/><E115/><V122/><F70/><W99/><G99/><T3/><D89/><U109/><E109/><V127/><F127/><N who="3" m="48715" /><G38/><T2/><REACH who="0" step="1"/><D56/><REACH who="0" ten="194,352,149,295" step="2"/><U67/><E57/><N who="2" m="35119" /><F41/><W87/><G87/><T104/><D104/><U83/><E83/><V92/><F12/><W129/><G129/><T65/><D65/><AGARI ba="1,1" hai="28,30,52,58,61,64,65,66,94,96,102" m="48715" machi="65" ten="30,5800,0" yaku="18,1,52,1,54,1" doraHai="91" who="3" fromWho="0" sc="194,-61,352,0,149,0,295,71" owari="133,-37.0,352,15.0,149,-25.0,366,47.0" /></mjloggm>