<mjloggm ver="2.3"><GO type="169" lobby="0"/><UN n0="%E9%8A%80%E8%89%B2%E3%81%84%E3%81%8C%E3%81%90%E3%82%8A" n1="%E6%9C%A8%E5%8E%9F%E8%B1%AA%E4%B8%80" n2="%E7%AC%B9%E9%A4%85" n3="%E3%81%BF%E3%81%8B%E3%82%93%E5%A4%AA" dan="16,17,16,17" rate="2121.14,2151.01,2119.73,2185.96" sx="M,M,M,M"/><TAIKYOKU oya="0"/><INIT seed="0,0,0,2,1,95" ten="250,250,250,250" oya="0" hai0="126,20,39,131,86,0,132,7,109,68,77,49,84" hai1="93,46,21,98,101,16,5,106,105,27,18,82,34" hai2="128,45,116,31,115,123,118,53,127,26,58,117,99" hai3="91,24,33,65,112,9,3,32,83,76,59,110,92"/><T51/><D68/><U94/><E34/><V133/><F115/><W104/><G104/><T6/><D39/><U22/><E5/><V87/><F123/><W55/><G110/><T1/><D20/><U113/><E113/><V134/><F128/><W97/><G65/><T79/><D109/><U130/><E130/><V80/><F45/><W17/><G112/><T89/><D89/><U100/><E82/><V69/><F69/><W107/><G107/><T88/><D88/><U23/><E46/><V61/><F127/><W122/><G122/><T62/><D62/><U63/><E63/><V81/><F99/><W28/><G3/><T37/><D37/><U114/><E114/><V103/><F103/><W40/><G40/><T64/><D131/><U11/><E11/><V19/><F19/><W73/><G9/><T54/><D54/><U102/><E23/><V74/><F74/><W75/><G17/><T60/><D60/><U29/><E94/><V135/><REACH who="2" step="1"/><F87/><REACH who="2" ten="250,250,240,250" step="2"/><W10/><G73/><T13/><D126/><U124/><E124/><V78/><F78/><W67/><G67/><T30/><D64/><U43/><E43/><V36/><F36/><W70/><G70/><T38/><D38/><U4/><E18/><V57/><F57/><W111/><G111/><T90/><D90/><N who="1" m="55607" /><E105/><V47/><F47/><W71/><G71/><T96/><D30/><U14/><E106/><V108/><F108/><W44/><G44/><T119/><D77/><U85/><E85/><V8/><F8/><W121/><G121/><T72/><D79/><U125/><E125/><V12/><F12/><RYUUKYOKU ba="0,1" sc="250,-15,250,15,240,15,250,-15" hai1="4,14,16,21,22,27,29,100,101,102" hai2="26,31,53,58,61,80,81,116,117,118,133,134,135" /><INIT seed="1,1,1,5,1,57" ten="235,265,255,235" oya="1" hai0="47,46,94,35,125,52,39,78,48,85,4,38,41" hai1="74,134,34,81,12,97,15,6,124,29,83,1,45" hai2="27,7,33,105,108,43,62,13,90,14,40,95,103" hai3="60,119,93,106,58,23,89,24,132,17,66,77,87"/><U118/><E118/><V84/><F108/><W61/><G106/><T127/><D35/><U130/><E1/><V115/><F115/><W88/><G119/><T123/><D4/><U70/><E70/><V113/><F113/><W102/><G102/><T65/><D123/><U64/><E64/><V22/><F33/><W122/><G122/><T129/><D129/><U128/><E134/><V112/><F112/><W117/><G117/><T5/><D5/><U54/><E124/><N who="0" m="47689" /><D94/><U28/><E97/><V100/><F62/><N who="3" m="38231" /><G77/><T82/><D65/><U37/><E74/><V80/><F105/><W101/><G101/><T0/><D0/><U25/><E6/><V99/><F103/><W98/><G132/><T69/><D69/><U32/><E37/><AGARI ba="1,1" hai="37,38,39,41,46,47,48,52,78,82,85" m="47689" machi="37" ten="30,2000,0" yaku="18,1,54,1" doraHai="57" who="0" fromWho="1" sc="235,33,265,-23,255,0,235,0" /><INIT seed="2,0,0,0,4,22" ten="268,242,255,235" oya="2" hai0="91,129,102,127,77,71,73,76,95,108,62,38,122" hai1="21,78,58,124,41,20,0,3,25,135,59,79,109" hai2="101,28,80,64,32,42,105,40,103,74,93,72,118" hai3="55,116,2,57,60,113,67,4,117,19,56,1,24"/><V100/><F105/><W37/><G37/><T83/><D122/><U11/><E109/><V110/><F110/><W88/><G113/><T36/><D108/><U53/><E135/><V31/><F118/><W48/><G4/><T107/><D76/><U125/><E41/><V50/><F64/><W97/><G2/><T5/><D5/><U98/><E98/><V54/><F93/><W46/><G1/><T61/><D129/><U30/><E11/><V112/><F112/><W43/><G57/><T65/><D62/><U66/><E66/><V10/><F10/><W131/><G131/><T39/><D127/><U8/><E8/><V9/><F9/><W14/><G67/><T132/><D132/><U121/><E30/><V81/><F54/><W26/><G116/><T90/><REACH who="0" step="1"/><D95/><REACH who="0" ten="258,242,255,235" step="2"/><U114/><E121/><V130/><F130/><W63/><G63/><T128/><D128/><U6/><E6/><V126/><F126/><W51/><G60/><T33/><D33/><U52/><REACH who="1" step="1"/><E114/><REACH who="1" ten="258,232,255,235" step="2"/><V123/><F123/><W85/><G117/><T23/><D23/><U13/><E13/><V70/><F32/><W111/><G111/><T92/><D92/><U115/><E115/><V75/><F70/><W104/><G104/><T69/><D69/><U120/><E120/><V27/><F72/><W18/><G14/><T34/><D34/><U16/><E16/><N who="3" m="6186" /><G97/><AGARI ba="0,2" hai="36,38,39,61,65,71,73,77,83,90,91,97,102,107" machi="97" ten="40,1300,0" yaku="1,1,53,0" doraHai="22" doraHaiUra="89" who="0" fromWho="3" sc="258,33,232,0,255,0,235,-13" /><INIT seed="3,0,0,4,0,73" ten="291,232,255,222" oya="3" hai0="86,129,10,56,48,6,46,77,14,25,41,28,11" hai1="37,127,105,110,58,74,64,76,65,94,111,32,82" hai2="19,36,133,7,96,100,29,2,42,122,107,78,87" hai3="132,72,16,54,99,128,62,75,118,27,83,31,67"/><W13/><G118/><T38/><D129/><U34/><E105/><V120/><F133/><W60/><G132/><T106/><D106/><U70/><E37/><V95/><F29/><W59/><G128/><T8/><D38/><U125/><E58/><V22/><F7/><W108/><G99/><T117/><D56/><U135/><E94/><V0/><F42/><W21/><G108/><N who="1" m="41514" /><E135/><V57/><F36/><W79/><G72/><T89/><D117/><U115/><E115/><V39/><F39/><W85/><G75/><T4/><D4/><U61/><E65/><V93/><F57/><W103/><G103/><T119/><D119/><U113/><E113/><V91/><F95/><W121/><G121/><N who="2" m="46697" /><F78/><W97/><G97/><T63/><D63/><U126/><AGARI ba="0,0" hai="32,34,61,64,70,74,76,82,125,126,127" m="41514" machi="126" ten="40,8000,1" yaku="18,1,14,1,23,1,52,1" doraHai="73" who="1" fromWho="1" sc="291,-20,232,80,255,-20,222,-40" /><INIT seed="4,0,0,3,4,48" ten="271,312,235,182" oya="0" hai0="81,64,39,68,100,135,6,24,2,49,111,76,103" hai1="93,84,47,75,51,113,123,41,134,62,34,60,124" hai2="133,19,57,106,29,63,11,13,58,77,91,97,66" hai3="36,25,43,1,37,21,115,45,88,61,86,116,72"/><T65/><D39/><U122/><E34/><V121/><F121/><W95/><G72/><T3/><D111/><U28/><E75/><V69/><F133/><W90/><G115/><T40/><D135/><U119/><E28/><V108/><F108/><W8/><G116/><T74/><D24/><U89/><E134/><V32/><F77/><W12/><G1/><T80/><D68/><U10/><E119/><V18/><F18/><W94/><G61/><T38/><D49/><U127/><E10/><V99/><F99/><W70/><G70/><T128/><D80/><U129/><E113/><V33/><F91/><W125/><G125/><N who="1" m="48202" /><E129/><V102/><REACH who="2" step="1"/><F33/><REACH who="2" ten="271,312,225,182" step="2"/><W104/><G90/><T132/><D132/><U92/><E93/><V46/><F46/><W26/><G45/><T23/><D128/><U110/><E110/><V17/><F17/><W85/><G95/><T27/><D100/><U131/><E131/><V120/><F120/><AGARI ba="0,1" hai="41,47,51,60,62,84,89,92,120,122,123" m="48202" machi="120" ten="30,1000,0" yaku="18,1" doraHai="48" who="1" fromWho="2" sc="271,0,312,20,225,-10,182,0" /><INIT seed="5,0,0,4,0,130" ten="271,332,215,182" oya="1" hai0="123,59,24,27,120,13,90,42,56,104,124,106,75" hai1="82,26,55,81,28,32,9,134,129,29,74,101,73" hai2="108,66,126,46,67,57,8,25,49,68,125,58,70" hai3="72,44,128,48,47,116,118,71,96,20,86,109,36"/><U133/><E129/><V51/><F25/><N who="0" m="9802" /><D75/><U4/><E101/><V114/><F8/><W77/><G72/><T79/><D79/><U62/><E28/><V122/><F108/><W92/><G71/><T135/><D42/><U52/><E73/><V80/><F80/><N who="1" m="30825" /><E74/><V18/><F18/><W61/><G109/><T19/><D90/><U50/><E50/><V54/><F46/><W94/><G86/><T23/><D124/><U53/><E62/><V102/><F102/><W76/><G61/><T98/><D135/><N who="1" m="51723" /><E55/><V117/><F54/><W115/><G48/><T7/><D104/><U34/><E34/><V31/><F31/><W93/><G128/><T69/><D69/><U121/><E121/><V5/><F122/><W85/><G85/><T30/><D30/><U10/><E10/><V83/><F70/><W78/><G36/><T15/><D120/><U88/><E88/><V87/><F68/><W45/><G96/><T1/><D98/><U39/><E39/><V3/><F126/><W43/><G43/><T2/><D106/><U33/><E33/><V41/><F41/><W16/><G115/><T84/><D84/><U21/><E32/><V119/><F51/><W110/><G110/><T64/><D123/><U17/><E29/><V60/><F49/><W95/><N who="3" m="23552" /><DORA hai="37" /><W63/><G63/><N who="0" m="37991" /><D59/><U11/><E11/><V6/><F57/><W35/><G35/><T65/><D65/><U12/><AGARI ba="0,0" hai="4,9,12,17,21,26,52,53" m="51723,30825" machi="12" ten="30,12000,1" yaku="20,1,52,3,54,1" doraHai="130,37" who="1" fromWho="1" sc="271,-40,332,120,215,-40,182,-40" /><INIT seed="5,1,0,1,2,51" ten="231,452,175,142" oya="1" hai0="44,39,106,97,0,28,107,59,111,95,22,60,46" hai1="31,15,102,1,24,33,77,58,35,103,128,83,131" hai2="86,56,125,19,49,85,134,53,8,75,25,64,127" hai3="93,122,126,110,120,20,62,71,121,105,81,70,115"/><U87/><E1/><V117/><F117/><W101/><G105/><T13/><D0/><U133/><E133/><V4/><F75/><W55/><G110/><T5/><D111/><U68/><E68/><V34/><F134/><W17/><G115/><T114/><D114/><U18/><E35/><V119/><F119/><W94/><G81/><T36/><D36/><U47/><E47/><V11/><F64/><W108/><G108/><T116/><D116/><U73/><E73/><V82/><F86/><W63/><G126/><N who="2" m="48137" /><F4/><W113/><G113/><T27/><D106/><U52/><E103/><V124/><F124/><W118/><G118/><T41/><D107/><U74/><E102/><V10/><F34/><W84/><G84/><T78/><D78/><U89/><E77/><N who="2" m="46287" /><F25/><W66/><G101/><N who="0" m="60607" /><D41/><U30/><E74/><V12/><AGARI ba="1,0" hai="8,10,11,12,19,49,53,56" m="46287,48137" machi="12" ten="30,2000,0" yaku="18,1,52,1" doraHai="51" who="2" fromWho="2" sc="231,-6,452,-11,175,23,142,-6" /><INIT seed="6,0,0,1,0,99" ten="225,441,198,136" oya="2" hai0="54,45,21,49,67,20,116,107,35,66,110,68,135" hai1="126,87,15,14,38,71,63,29,76,40,84,59,48" hai2="117,75,70,3,44,114,129,34,39,47,1,105,94" hai3="33,86,43,88,128,83,56,37,134,12,51,62,130"/><V41/><RYUUKYOKU type="yao9" ba="0,0" sc="225,0,441,0,198,0,136,0" hai2="1,3,34,39,41,44,47,70,75,94,105,114,117,129" /><INIT seed="6,1,0,0,0,50" ten="225,441,198,136" oya="2" hai0="43,12,71,56,112,116,85,80,59,126,132,20,129" hai1="107,38,34,37,75,90,60,64,18,14,24,28,122" hai2="77,86,100,67,79,68,16,115,117,40,6,47,57" hai3="69,94,98,3,30,63,1,27,131,29,133,101,127"/><V41/><F117/><W10/><G127/><T82/><D71/><U78/><E122/><V125/><F68/><W123/><G123/><T120/><D120/><U33/><E33/><V128/><F125/><W84/><G131/><T118/><D126/><U111/><E111/><V97/><F128/><W73/><G73/><T26/><D129/><U49/><E49/><V53/><F6/><W106/><G133/><T110/><D132/><U31/><E31/><V99/><F115/><W81/><G94/><T88/><D112/><U45/><E45/><V83/><F79/><W21/><G10/><T121/><D110/><U46/><E46/><V23/><F67/><W35/><G21/><T48/><D12/><U134/><E90/><V58/><F58/><W39/><G30/><N who="0" m="17735" /><D82/><U74/><E74/><V17/><F17/><W102/><G102/><T76/><D76/><U70/><E134/><V2/><F2/><W52/><G39/><T62/><D121/><U0/><E0/><V42/><F47/><W92/><G92/><T55/><D43/><U91/><E91/><V103/><F103/><W8/><G8/><T54/><D116/><U44/><E107/><V93/><F99/><W109/><G69/><T96/><D118/><U22/><E75/><V130/><F130/><W4/><G4/><T114/><D114/><U5/><E5/><V65/><F65/><W9/><G9/><T7/><D7/><U25/><E78/><V19/><F23/><W15/><G109/><T104/><D104/><U51/><E14/><V113/><F113/><W105/><G1/><T11/><D11/><RYUUKYOKU ba="1,0" sc="225,10,441,10,198,10,136,-30" hai0="48,54,55,56,59,62,80,85,88,96" hai1="18,22,24,25,28,34,37,38,44,51,60,64,70" hai2="16,19,40,41,42,53,57,77,83,86,93,97,100" /><INIT seed="6,2,0,4,5,3" ten="235,451,208,106" oya="2" hai0="105,109,121,62,104,95,108,4,26,133,115,14,6" hai1="130,135,58,96,23,66,118,98,82,50,44,80,47" hai2="110,10,92,79,41,7,67,11,68,75,70,90,76" hai3="134,29,72,124,83,106,35,13,5,31,2,24,43"/><V78/><F75/><W120/><G120/><T87/><D121/><U28/><E118/><V18/><F110/><W12/><G106/><T33/><D14/><U125/><E125/><V89/><F41/><W0/><G43/><T112/><D133/><U81/><E130/><V84/><F90/><W99/><G99/><N who="1" m="37930" /><E135/><V36/><F36/><W128/><G83/><T39/><D39/><U15/><E66/><V51/><F51/><W103/><G103/><T32/><D62/><U74/><E74/><V91/><F91/><W48/><G48/><T8/><D8/><U102/><E102/><V73/><F73/><W111/><G72/><T53/><D26/><N who="1" m="16479" /><E15/><V34/><F34/><W1/><G134/><T46/><D46/><U131/><E131/><V42/><F42/><W22/><G128/><T129/><D129/><U9/><E9/><V97/><F97/><W107/><G107/><T114/><D53/><AGARI ba="2,0" hai="44,47,50,53,58,80,81,82" m="16479,37930" machi="53" ten="30,1000,0" yaku="8,1" doraHai="3" who="1" fromWho="0" sc="235,-16,451,16,208,0,106,0" /><INIT seed="7,0,0,2,3,84" ten="219,467,208,106" oya="3" hai0="61,118,39,11,75,113,68,86,65,116,119,46,107" hai1="37,106,13,43,96,17,104,34,31,7,125,97,53" hai2="70,98,92,95,99,131,123,121,30,135,26,100,15" hai3="120,58,128,112,32,122,35,8,27,4,49,3,50"/><W25/><G112/><T22/><D86/><U103/><E7/><V59/><F70/><W5/><G58/><T79/><D22/><U80/><E125/><V21/><F131/><W10/><REACH who="3" step="1"/><G3/><REACH who="3" ten="219,467,208,96" step="2"/><T129/><D113/><U6/><E106/><V71/><F59/><W66/><G66/><T12/><D107/><U78/><E104/><V90/><F71/><W126/><G126/><T56/><D56/><U45/><E45/><V47/><F47/><W23/><G23/><T62/><D129/><AGARI ba="0,1" hai="4,5,8,10,25,27,32,35,49,50,120,122,128,129" machi="129" ten="25,4800,0" yaku="1,1,22,2,53,0" doraHai="84" doraHaiUra="105" who="3" fromWho="0" sc="219,-48,467,0,208,0,96,58" /><INIT seed="7,1,0,5,2,111" ten="171,467,208,154" oya="3" hai0="108,88,29,56,39,57,65,4,54,0,129,55,8" hai1="116,19,48,26,18,14,7,128,64,72,107,36,98" hai2="17,97,92,30,60,23,45,89,68,117,119,79,20" hai3="126,22,15,112,105,131,77,1,69,21,109,71,121"/><W52/><G121/><T25/><D108/><U32/><E36/><V28/><F79/><W5/><G1/><T96/><D129/><U85/><E72/><V74/><F74/><W49/><G109/><T51/><D39/><U41/><E64/><V3/><F3/><W40/><G131/><T95/><D65/><U62/><E62/><V31/><F68/><W76/><G105/><T63/><D25/><U110/><E7/><V82/><F82/><W34/><G34/><T114/><D29/><U46/><E110/><V11/><F60/><W93/><G126/><T75/><D75/><U124/><E124/><V123/><F123/><W133/><G133/><T90/><D114/><U58/><E58/><V33/><F33/><W73/><G40/><T132/><D132/><U38/><E38/><V101/><F45/><W100/><G71/><T67/><D67/><U87/><E116/><V13/><F101/><AGARI ba="1,0" hai="0,4,8,51,54,55,56,57,63,88,90,95,96,101" machi="101" ten="30,2000,0" yaku="7,1,54,1" doraHai="111" who="0" fromWho="2" sc="171,23,467,0,208,-23,154,0" owari="194,-1.0,467,57.0,185,-21.0,154,-35.0" /></mjloggm>