<mjloggm ver="2.3"><GO type="169" lobby="0"/><UN n0="%66%61%6E%73%74%65%70" n1="%E3%82%BB%E3%83%96%E3%83%AB%E3%82%B9" n2="%73%61%6E%67%6F%64%64%6F" n3="%E5%81%BD%E5%96%84%E8%80%85%E9%AB%98%E6%A9%8B%E3%81%BF%E3%81%AA%E3%81%BF" dan="16,16,16,16" rate="2136.72,2124.22,2178.25,2134.36" sx="M,F,M,F"/><TAIKYOKU oya="0"/><INIT seed="0,0,0,2,3,108" ten="250,250,250,250" oya="0" hai0="2,87,77,39,30,127,12,121,61,25,46,54,14" hai1="131,130,119,64,68,28,45,56,98,13,107,4,95" hai2="55,76,78,0,88,1,101,7,111,114,51,16,102" hai3="66,103,71,17,27,11,93,38,34,117,32,35,63"/><T31/><D121/><U22/><E119/><V84/><F111/><W43/><G117/><T19/><D2/><U10/><E68/><V79/><F114/><W47/><G11/><T132/><D132/><U18/><E107/><V33/><F33/><W129/><G129/><T100/><D100/><U113/><E45/><V83/><F1/><W133/><G133/><T67/><D127/><U74/><E74/><V36/><F36/><W26/><REACH who="3" step="1"/><G17/><REACH who="3" ten="250,250,250,240" step="2"/><T115/><D19/><U23/><E131/><V122/><F122/><W40/><G40/><T75/><D31/><U82/><E130/><V49/><F7/><W73/><G73/><T125/><D30/><U52/><E28/><V134/><F0/><W69/><G69/><T123/><D75/><U24/><E4/><V42/><F134/><W58/><G58/><T15/><D123/><U96/><E10/><V97/><F16/><W3/><G3/><T92/><D46/><U29/><E56/><V91/><F42/><W99/><AGARI ba="0,1" hai="26,27,32,34,35,38,43,47,63,66,71,93,99,103" machi="99" ten="40,2700,0" yaku="1,1,0,1,53,0" doraHai="108" doraHaiUra="72" who="3" fromWho="3" sc="250,-13,250,-7,250,-7,240,37" /><INIT seed="1,0,0,2,0,3" ten="237,243,243,277" oya="1" hai0="97,105,134,24,25,20,80,39,126,44,70,33,22" hai1="99,131,57,15,127,103,114,117,75,49,91,82,12" hai2="100,30,112,94,125,28,67,4,42,58,96,119,17" hai3="109,14,48,102,51,34,53,56,19,130,95,31,116"/><U65/><E114/><V5/><F119/><W85/><G116/><T78/><D70/><U55/><E117/><V104/><F125/><W101/><G109/><T77/><D126/><U1/><E127/><V64/><F112/><W18/><G130/><T121/><D33/><U61/><E131/><V123/><F123/><W81/><G95/><T36/><D44/><U84/><E1/><V86/><F42/><W135/><G135/><T71/><D71/><U41/><E41/><V27/><F17/><W26/><G48/><T72/><D134/><U35/><E35/><V11/><F11/><W54/><G54/><T122/><D97/><U113/><E75/><V16/><F104/><W120/><G120/><T90/><D105/><U62/><E113/><V9/><F86/><W111/><G111/><T2/><D2/><U40/><E40/><V107/><F107/><W6/><G6/><N who="2" m="2665" /><F58/><W0/><G0/><T13/><D72/><U124/><E124/><V76/><F76/><W110/><G19/><T50/><D36/><U98/><E98/><V83/><F83/><W29/><G29/><N who="2" m="11369" /><F27/><W73/><G73/><T47/><D80/><U63/><E65/><V37/><F37/><W88/><G110/><T128/><D39/><U92/><AGARI ba="0,0" hai="12,15,49,55,57,61,62,63,82,84,91,92,99,103" machi="92" ten="30,3000,0" yaku="0,1,8,1" doraHai="3" who="1" fromWho="1" sc="237,-10,243,30,243,-10,277,-10" /><INIT seed="1,1,0,5,5,87" ten="227,273,233,267" oya="1" hai0="49,77,18,14,124,78,52,88,133,93,5,36,68" hai1="110,45,109,121,76,95,9,8,105,118,60,91,21" hai2="25,82,39,122,37,106,97,30,72,85,113,66,90" hai3="125,13,108,26,44,47,117,102,101,56,55,83,104"/><U94/><E118/><V98/><F122/><W61/><G117/><T6/><D36/><U20/><E121/><V11/><F113/><W58/><G108/><N who="1" m="41578" /><E105/><V33/><F72/><W16/><G125/><T67/><D124/><U89/><E76/><N who="0" m="29289" /><D133/><U22/><E45/><N who="3" m="17482" /><G26/><T17/><D68/><U50/><E50/><V31/><F31/><W134/><G134/><T28/><D67/><U100/><E60/><V116/><F116/><W92/><G83/><T132/><D132/><U126/><E100/><V112/><F112/><W40/><G40/><T32/><D32/><U48/><E48/><V59/><F106/><W51/><G92/><N who="1" m="35370" /><E126/><V4/><F39/><W131/><G131/><T41/><D41/><U29/><E29/><V34/><F37/><W57/><G104/><T10/><D28/><U107/><E107/><V2/><REACH who="2" step="1"/><F34/><REACH who="2" ten="227,273,223,267" step="2"/><W43/><G43/><T65/><D65/><U63/><E63/><AGARI ba="1,1" hai="2,4,11,25,30,33,59,63,66,82,85,90,97,98" machi="63" ten="40,5200,0" yaku="1,1,2,1,52,1,53,0" doraHai="87" doraHaiUra="19" who="2" fromWho="1" sc="227,0,273,-55,223,65,267,0" /><INIT seed="2,0,0,1,1,109" ten="227,218,288,267" oya="2" hai0="53,14,44,17,128,97,133,62,92,120,79,22,132" hai1="47,67,15,56,94,104,98,108,63,131,24,99,113" hai2="90,65,93,82,10,89,135,58,83,116,126,57,0" hai3="3,6,75,96,33,111,114,2,45,102,72,110,23"/><V16/><F116/><W134/><G33/><T37/><D120/><U46/><E108/><N who="3" m="41514" /><G134/><T106/><D106/><U25/><E131/><V21/><F126/><W7/><G23/><T29/><D128/><U76/><E113/><V95/><F135/><W69/><G69/><T66/><D79/><U8/><E76/><V26/><F0/><N who="3" m="43" /><G45/><N who="1" m="16906" /><E104/><V31/><F10/><W70/><G70/><T27/><D37/><U42/><E42/><V117/><F117/><W81/><G81/><T107/><D44/><U55/><E67/><V43/><F43/><W64/><G64/><T35/><D53/><U68/><E99/><V84/><F31/><W91/><G91/><T28/><D28/><U32/><E68/><V19/><F19/><W125/><G125/><T121/><D121/><U51/><E51/><V71/><F71/><W77/><G77/><T36/><D36/><U34/><E34/><V9/><F9/><W50/><G50/><T105/><D133/><U123/><E32/><V73/><F65/><W100/><G114/><T119/><D119/><U40/><E40/><V80/><REACH who="2" step="1"/><F73/><REACH who="2" ten="227,218,278,267" step="2"/><W48/><G72/><T130/><D132/><U59/><E123/><V49/><F49/><W86/><G48/><T13/><D130/><U87/><E59/><V38/><F38/><W118/><G75/><T85/><D66/><U122/><E122/><V39/><F39/><W112/><G118/><T18/><D29/><U103/><E8/><V129/><F129/><W78/><G112/><T127/><D127/><U101/><E56/><V54/><F54/><W30/><G30/><T60/><D35/><RYUUKYOKU ba="0,1" sc="227,-10,218,-10,278,30,267,-10" hai2="16,21,26,57,58,80,82,83,84,89,90,93,95" /><INIT seed="2,1,1,4,3,65" ten="217,208,308,257" oya="2" hai0="92,39,63,118,27,55,3,46,100,88,86,81,62" hai1="102,103,30,109,101,132,70,66,53,4,98,116,67" hai2="23,47,95,60,28,45,97,78,113,19,48,8,18" hai3="91,90,104,7,9,84,135,72,6,76,121,52,50"/><V11/><F113/><W25/><G121/><T77/><D3/><U29/><E116/><V83/><F28/><W106/><G135/><T73/><D118/><U123/><E132/><V74/><F60/><W58/><G6/><T14/><D27/><U82/><E123/><V20/><F20/><W64/><G72/><T133/><D133/><U115/><E115/><V1/><F1/><W79/><G64/><N who="1" m="24618" /><E109/><V56/><F56/><W112/><G112/><T31/><D31/><N who="1" m="11787" /><E70/><V129/><F129/><W122/><G90/><T131/><D131/><U0/><E98/><V110/><F110/><W49/><G25/><T42/><D55/><U13/><E0/><V37/><F37/><W94/><G122/><T33/><D33/><U36/><E36/><V35/><F35/><W34/><G34/><T130/><D130/><U57/><E82/><V32/><F32/><W22/><G22/><T124/><D124/><U51/><E4/><V89/><F47/><W68/><G68/><T117/><D117/><U24/><E24/><V127/><F127/><W71/><G71/><T16/><REACH who="0" step="1"/><D100/><REACH who="0" ten="207,208,308,257" step="2"/><U2/><E2/><V96/><F45/><W114/><G114/><T12/><D12/><AGARI ba="1,2" hai="12,13,51,53,57,101,102,103" m="11787,24618" machi="12" ten="30,3900,0" yaku="26,2,8,1" doraHai="65" who="1" fromWho="0" sc="207,-42,208,62,308,0,257,0" /><INIT seed="3,0,0,5,0,42" ten="165,270,308,257" oya="3" hai0="64,85,26,48,7,18,128,100,115,37,72,120,123" hai1="89,84,71,116,93,47,95,6,28,122,22,14,86" hai2="8,67,124,17,4,34,109,60,5,56,112,55,98" hai3="54,3,65,51,102,15,101,80,131,53,44,78,114"/><W73/><G3/><T77/><D37/><U58/><E71/><V40/><F112/><W75/><G114/><T39/><D39/><U52/><E122/><V50/><F34/><W110/><G131/><T81/><D115/><U76/><E116/><V94/><F124/><W16/><G73/><T82/><D128/><U66/><E66/><V21/><F40/><W69/><G110/><T126/><D126/><U32/><E32/><V97/><F109/><W20/><REACH who="3" step="1"/><G54/><REACH who="3" ten="165,270,308,247" step="2"/><T107/><D123/><U113/><E113/><V108/><F108/><W38/><G38/><T19/><D120/><U129/><E129/><V105/><F105/><W88/><G88/><T29/><D107/><U91/><E76/><V99/><F94/><W31/><G31/><T121/><D77/><U62/><E28/><V25/><REACH who="2" step="1"/><F8/><REACH who="2" ten="165,270,298,247" step="2"/><W127/><G127/><T63/><D121/><U23/><E95/><V92/><F92/><W59/><G59/><AGARI ba="0,2" hai="4,5,17,21,25,50,55,56,59,60,67,97,98,99" machi="59" ten="40,2600,0" yaku="1,1,8,1,53,0" doraHai="42" doraHaiUra="90" who="2" fromWho="3" sc="165,0,270,0,298,46,247,-26" /><INIT seed="4,0,0,0,5,61" ten="165,270,344,221" oya="0" hai0="22,13,87,15,76,77,131,105,48,41,64,97,69" hai1="80,40,1,33,50,10,63,96,90,71,135,88,115" hai2="72,112,34,42,92,18,17,122,32,3,103,119,134" hai3="24,79,111,35,84,20,2,107,75,47,62,12,53"/><T123/><D123/><U0/><E33/><V130/><F122/><W19/><G107/><T89/><D131/><U7/><E135/><V65/><F72/><W127/><G111/><T38/><D38/><U114/><E1/><V124/><F3/><W108/><G108/><T93/><D105/><U52/><E40/><V82/><F42/><W51/><G75/><T55/><D41/><U91/><E96/><V54/><F54/><W104/><G104/><T116/><D116/><U86/><E71/><V58/><F82/><N who="3" m="47199" /><G2/><T120/><D120/><U16/><E63/><N who="2" m="38135" /><F112/><N who="1" m="43049" /><E16/><V29/><F34/><W39/><G35/><T95/><D13/><U78/><E78/><V37/><F124/><W121/><G39/><T125/><D125/><U21/><E21/><V110/><F37/><W30/><G127/><T129/><D129/><U6/><E6/><V106/><F106/><W11/><G121/><T100/><D69/><U126/><E126/><V83/><F110/><W94/><G62/><T98/><D98/><U27/><E27/><N who="2" m="18495" /><F134/><W85/><G85/><T44/><D76/><U99/><E99/><N who="2" m="59879" /><F130/><W46/><G94/><T56/><D77/><U67/><E67/><V118/><F83/><W113/><G113/><T45/><D64/><U117/><E117/><AGARI ba="0,0" hai="17,18,117,118,119" m="59879,18495,38135" machi="117" ten="30,2000,0" yaku="12,1,52,1" doraHai="61" who="2" fromWho="1" sc="165,0,270,-20,344,20,221,0" /><INIT seed="5,0,0,3,2,104" ten="165,250,364,221" oya="1" hai0="98,49,128,26,15,70,51,97,18,103,77,93,135" hai1="108,43,34,102,48,96,9,91,107,39,10,132,67" hai2="25,4,40,27,12,1,53,101,21,30,72,83,44" hai3="59,17,121,117,113,123,60,82,106,56,64,105,110"/><U23/><E34/><V86/><F101/><W78/><G110/><T99/><D70/><U112/><E39/><V134/><F134/><W35/><G35/><T14/><D135/><U41/><E132/><V45/><F1/><W127/><G113/><T5/><D128/><U47/><E112/><V33/><F72/><W58/><G127/><T0/><D0/><U68/><E108/><V124/><F124/><W88/><G117/><T84/><D5/><U36/><E36/><V75/><F75/><W2/><G2/><T90/><D77/><U32/><E43/><V6/><F53/><W87/><G17/><T29/><D103/><U71/><E32/><V94/><F94/><W16/><G78/><T133/><D133/><U69/><E67/><V116/><F116/><W95/><G95/><T37/><D37/><U50/><E50/><V126/><F126/><W8/><G123/><T3/><D3/><U81/><REACH who="1" step="1"/><E23/><REACH who="1" ten="165,240,364,221" step="2"/><V85/><F21/><W31/><G121/><T74/><D49/><U120/><E120/><V42/><F40/><W57/><REACH who="3" step="1"/><G31/><REACH who="3" ten="165,240,364,211" step="2"/><T115/><D29/><U119/><E119/><V100/><F33/><W118/><G118/><T19/><D115/><U11/><E11/><V22/><F30/><W92/><G92/><T76/><D93/><U79/><E79/><V66/><F22/><W20/><G20/><T130/><D76/><U13/><E13/><AGARI ba="0,2" hai="8,13,16,56,57,58,59,60,64,82,87,88,105,106" machi="13" ten="40,5200,0" yaku="1,1,54,2,53,0" doraHai="104" doraHaiUra="125" who="3" fromWho="1" sc="165,0,240,-52,364,0,211,72" /><INIT seed="6,0,0,2,2,50" ten="165,188,364,283" oya="2" hai0="121,58,128,65,57,5,117,17,112,126,12,39,16" hai1="15,38,28,70,135,26,97,14,51,52,118,33,85" hai2="53,18,107,59,90,56,82,13,86,83,96,134,22" hai3="24,3,81,84,11,132,94,71,7,74,47,62,43"/><V1/><F134/><W66/><G132/><T69/><D39/><U64/><E135/><V101/><F1/><W113/><G113/><T61/><D121/><U29/><E118/><V72/><F72/><W20/><G94/><T91/><D112/><U40/><E29/><V77/><F59/><W37/><G74/><T124/><D117/><U36/><E36/><V79/><REACH who="2" step="1"/><F83/><REACH who="2" ten="165,188,354,283" step="2"/><W42/><G47/><T67/><D58/><U0/><E0/><V95/><F95/><W35/><G81/><T78/><D57/><U23/><E70/><V76/><F76/><W4/><G3/><T103/><D78/><U19/><E64/><V60/><AGARI ba="0,1" hai="13,18,22,53,56,60,77,79,82,86,90,96,101,107" machi="60" ten="20,12000,1" yaku="1,1,0,1,7,1,52,1,53,1" doraHai="50" doraHaiUra="54" who="2" fromWho="2" sc="165,-40,188,-40,354,130,283,-40" /><INIT seed="6,1,0,1,2,47" ten="125,148,484,243" oya="2" hai0="105,89,2,90,40,1,7,43,135,44,12,119,125" hai1="92,83,20,34,118,113,41,49,59,37,38,117,65" hai2="55,75,54,62,76,58,16,53,132,112,108,94,122" hai3="23,19,26,128,123,98,107,51,106,4,46,50,102"/><V29/><F122/><W30/><G123/><T99/><D135/><U22/><E34/><V73/><F132/><W45/><G128/><T82/><D125/><U10/><E113/><V57/><F112/><W111/><G111/><T120/><D120/><U72/><E10/><V24/><F108/><W130/><G4/><T17/><D7/><U48/><E92/><V104/><F104/><W93/><G130/><T91/><D43/><U115/><E115/><V32/><F76/><W35/><G45/><T131/><D131/><U27/><E41/><V103/><F103/><W3/><G3/><T74/><D119/><U11/><E11/><V64/><F94/><W36/><G36/><T116/><D116/><U28/><E72/><V5/><F5/><W6/><G6/><T15/><D15/><U133/><E83/><V78/><F78/><W68/><G68/><T42/><D42/><U69/><E69/><V124/><F58/><W80/><G80/><T0/><D74/><U61/><E133/><V52/><F124/><W56/><G56/><T81/><D99/><U110/><E110/><V121/><F121/><W109/><G109/><T114/><D105/><U25/><E118/><V71/><REACH who="2" step="1"/><F16/><REACH who="2" ten="125,148,474,243" step="2"/><W13/><G107/><T70/><D114/><U127/><E127/><V8/><F8/><W39/><G106/><T85/><D70/><U33/><E117/><V31/><F31/><W67/><G93/><T60/><D82/><U101/><E101/><V63/><AGARI ba="1,1" hai="24,29,32,52,53,54,55,57,62,63,64,71,73,75" machi="63" ten="30,6000,0" yaku="1,1,0,1,54,1,53,0" doraHai="47" doraHaiUra="86" who="2" fromWho="2" sc="125,-21,148,-21,474,73,243,-21" /><INIT seed="6,2,0,4,5,63" ten="104,127,547,222" oya="2" hai0="68,115,19,9,96,92,88,78,55,123,121,41,102" hai1="7,13,94,135,82,57,0,98,67,118,119,20,5" hai2="48,60,17,73,108,16,59,65,109,70,26,30,28" hai3="95,69,15,50,84,107,130,86,72,99,49,42,93"/><V27/><F73/><W103/><G69/><T22/><D78/><U131/><E135/><V54/><F27/><W83/><G49/><T34/><D34/><U127/><E131/><V37/><F37/><W21/><G130/><T89/><D68/><U58/><E127/><V133/><F133/><W77/><G21/><T2/><D41/><U12/><E0/><V11/><F11/><W25/><G15/><T74/><D74/><U53/><E82/><V81/><F81/><N who="3" m="45223" /><G50/><T14/><D115/><U31/><E119/><V10/><F10/><W6/><G42/><T46/><D46/><U33/><E33/><V4/><F4/><N who="1" m="1609" /><E118/><V116/><F116/><W120/><G25/><T23/><D55/><U76/><E76/><V113/><F113/><W36/><G6/><T61/><D2/><U91/><E58/><V117/><F117/><W18/><G18/><N who="2" m="7273" /><F26/><W97/><G36/><T124/><D124/><U24/><E67/><V128/><F128/><W106/><G120/><T90/><REACH who="0" step="1"/><D61/><AGARI ba="2,0" hai="12,13,20,24,31,53,57,61,91,94,98" m="1609" machi="61" ten="30,1000,0" yaku="8,1" doraHai="63" who="1" fromWho="0" sc="104,-16,127,16,547,0,222,0" /><INIT seed="7,0,0,2,4,24" ten="88,143,547,222" oya="3" hai0="81,113,3,87,43,15,79,52,18,40,61,55,16" hai1="12,28,35,116,45,80,103,84,59,46,49,75,48" hai2="38,9,99,72,89,53,5,36,32,0,102,1,86" hai3="134,114,10,69,27,7,33,29,57,83,71,56,105"/><W30/><G105/><T4/><D3/><U50/><E75/><V8/><F32/><W120/><G120/><T21/><D113/><U2/><E2/><V95/><F72/><W78/><G134/><T20/><D4/><U115/><E115/><V73/><F73/><W6/><G114/><T91/><D79/><U131/><E131/><V76/><F76/><W101/><G101/><T39/><D39/><U42/><E116/><V44/><F44/><W34/><G78/><T133/><D133/><U58/><E103/><V47/><F47/><W106/><G27/><T110/><D110/><U126/><E126/><V112/><F112/><W108/><G10/><T63/><D63/><U31/><E12/><V124/><F53/><W90/><G106/><T135/><D135/><U127/><E127/><V122/><F122/><W118/><G90/><T123/><D123/><U64/><E35/><V62/><F62/><W93/><G93/><T70/><D55/><N who="1" m="30103" /><E64/><V96/><F96/><W94/><G94/><T97/><D97/><U68/><E68/><V51/><F124/><W60/><G60/><T92/><D81/><U25/><E25/><V100/><F100/><W117/><REACH who="3" step="1"/><G108/><REACH who="3" ten="88,143,547,212" step="2"/><T67/><REACH who="0" step="1"/><D52/><REACH who="0" ten="78,143,547,212" step="2"/><N who="1" m="32023" /><E59/><V26/><F8/><W13/><G13/><AGARI ba="0,2" hai="13,15,16,18,20,21,40,43,61,67,70,87,91,92" machi="13" ten="30,12000,2" yaku="1,1,7,1,9,1,54,1,53,2" doraHai="24" doraHaiUra="11" who="0" fromWho="3" sc="78,140,143,0,547,0,212,-120" owari="218,2.0,143,-26.0,547,65.0,92,-41.0" /></mjloggm>