<mjloggm ver="2.3"><GO type="169" lobby="0"/><UN n0="%E8%9B%99%E3%81%AE%E7%8E%8B" n1="%E3%83%84%E3%83%AC%E3%82%AA" n2="%E3%81%9F%E3%81%8F%E3%81%98%E3%82%8D%E3%81%86" n3="%E3%83%8F%E3%82%BF%E3%83%A2%E3%83%88%E3%83%92%E3%83%AD" dan="18,16,18,16" rate="2276.12,2155.97,2212.07,2047.38" sx="M,M,M,M"/><TAIKYOKU oya="0"/><INIT seed="0,0,0,0,0,49" ten="250,250,250,250" oya="0" hai0="13,8,31,12,95,30,86,101,125,74,123,45,17" hai1="97,106,10,14,20,116,84,34,134,1,18,59,67" hai2="109,113,102,107,82,35,124,42,21,0,98,115,64" hai3="78,60,11,66,56,96,108,33,132,83,41,39,99"/><T81/><D123/><U71/><E134/><V6/><F35/><W19/><G108/><T68/><D68/><U110/><E110/><V75/><F109/><W46/><G33/><T63/><D125/><U77/><E34/><V7/><F7/><W3/><G132/><T15/><D74/><U128/><E128/><V22/><F22/><W127/><G127/><T28/><D63/><U70/><E116/><V50/><F21/><W53/><G66/><T93/><D93/><U130/><E130/><V69/><F124/><W88/><G88/><N who="0" m="51279" /><D45/><U133/><E133/><V89/><F75/><N who="3" m="43487" /><G19/><T105/><D105/><U26/><E1/><V54/><F0/><W72/><G72/><T57/><D57/><U85/><E77/><V94/><F6/><AGARI ba="0,0" hai="3,6,11,39,41,46,53,56,60,96,99" m="43487" machi="6" ten="30,2000,0" yaku="25,1,52,1" doraHai="49" who="3" fromWho="2" sc="250,0,250,0,250,-20,250,20" /><INIT seed="1,0,0,0,1,56" ten="250,250,230,270" oya="1" hai0="121,14,123,109,84,6,78,108,71,55,48,0,35" hai1="66,50,18,59,100,90,83,8,128,44,72,10,12" hai2="4,110,61,2,97,88,111,77,31,99,129,67,17" hai3="21,52,26,64,89,86,24,132,63,113,115,95,58"/><U80/><E128/><V11/><F77/><W1/><G1/><T53/><D35/><U13/><E100/><V120/><F120/><N who="0" m="46154" /><D71/><U60/><E90/><V7/><F31/><W43/><G132/><T112/><D0/><U49/><E72/><V135/><F7/><W117/><G117/><T118/><D118/><U82/><REACH who="1" step="1"/><E44/><REACH who="1" ten="250,240,230,270" step="2"/><V27/><F129/><W47/><G113/><T101/><D112/><U122/><E122/><V69/><F88/><N who="3" m="53655" /><G115/><T107/><D101/><U65/><E65/><V70/><F67/><W30/><G64/><T87/><D78/><U37/><E37/><V85/><F135/><W79/><G79/><T23/><D87/><U42/><E42/><V5/><F85/><W126/><G126/><T93/><D84/><U114/><E114/><V75/><F75/><W104/><G104/><T92/><D107/><U40/><E40/><V15/><F99/><W62/><G43/><T51/><D55/><U130/><E130/><V28/><F97/><W39/><G47/><T19/><D53/><U3/><E3/><V41/><F2/><W34/><G39/><T131/><D131/><U33/><E33/><V105/><F41/><W9/><G89/><T91/><D91/><U124/><E124/><V119/><F105/><W76/><G76/><T57/><D93/><U116/><E116/><V94/><F94/><W29/><G34/><T125/><D92/><U96/><E96/><V133/><F119/><W25/><G52/><T45/><D45/><U22/><E22/><V46/><F46/><W32/><G32/><T54/><D125/><U134/><E134/><RYUUKYOKU ba="0,1" sc="250,-10,240,30,230,-10,270,-10" hai1="8,10,12,13,18,49,50,59,60,66,80,82,83" /><INIT seed="1,1,1,1,4,46" ten="240,270,220,260" oya="1" hai0="2,64,5,118,93,132,36,121,108,94,123,56,30" hai1="128,92,10,87,107,117,80,8,59,75,130,28,112" hai2="51,58,85,77,65,29,24,90,122,52,73,55,21" hai3="33,57,126,14,0,109,22,7,91,102,3,68,89"/><U86/><E107/><V63/><F122/><N who="0" m="46602" /><D36/><U110/><E112/><V120/><F120/><W131/><G68/><T35/><D118/><U116/><E28/><V99/><F73/><W62/><G33/><T114/><D108/><U40/><E40/><V104/><F77/><W48/><G0/><T23/><D23/><U83/><E59/><N who="2" m="33279" /><F104/><W113/><G3/><T11/><D132/><U18/><E75/><V119/><F119/><W111/><G102/><T97/><D97/><U31/><E31/><V25/><F25/><W1/><G1/><T115/><D30/><U15/><E92/><N who="0" m="35433" /><D35/><U44/><E110/><V69/><F69/><W70/><G70/><T124/><D124/><U127/><E127/><V34/><F34/><W42/><G126/><T100/><D100/><U39/><E39/><V45/><F99/><W72/><G113/><T106/><D106/><U54/><E117/><V4/><F4/><W27/><G72/><T13/><D2/><U50/><E116/><V41/><F41/><W135/><G42/><T105/><D105/><U74/><E74/><V103/><F103/><W125/><G125/><T81/><D115/><U101/><E101/><V88/><F85/><W76/><G111/><T95/><D114/><U47/><E86/><V78/><F78/><W61/><G76/><T20/><D5/><U134/><E87/><V26/><F26/><W82/><G27/><T98/><D98/><U6/><E6/><V129/><F129/><W96/><G131/><T38/><D38/><U9/><E130/><V12/><F12/><W43/><G7/><T53/><D13/><RYUUKYOKU ba="1,1" sc="240,-10,270,-10,220,30,260,-10" hai2="21,24,29,45,52,58,63,65,88,90" /><INIT seed="2,2,1,1,3,125" ten="230,260,250,250" oya="2" hai0="113,50,99,83,71,87,41,64,116,117,56,82,68" hai1="90,109,31,89,76,3,93,70,130,77,132,54,118" hai2="4,78,1,36,110,12,15,84,86,8,75,35,122" hai3="81,73,120,85,96,53,121,112,22,88,16,135,40"/><V107/><F122/><W92/><G135/><T2/><D99/><U134/><E3/><V119/><F119/><N who="0" m="45642" /><D2/><U80/><E118/><V103/><F35/><W32/><G32/><T127/><D113/><U29/><E70/><N who="0" m="26665" /><D87/><U63/><E63/><V13/><F103/><W0/><G73/><T67/><D127/><U33/><E33/><V23/><F107/><W106/><G106/><T101/><D101/><U17/><E54/><V49/><F49/><W72/><G53/><N who="0" m="31799" /><D41/><U21/><E80/><AGARI ba="2,1" hai="64,67,80,82,83" m="31799,26665,45642" machi="80" ten="30,1000,0" yaku="12,1" doraHai="125" who="0" fromWho="1" sc="230,26,260,-16,250,0,250,0" /><INIT seed="3,0,0,2,1,51" ten="256,244,250,250" oya="3" hai0="42,59,17,109,54,50,67,3,30,36,118,35,21" hai1="117,131,14,91,113,10,62,2,25,1,119,86,135" hai2="47,77,41,43,45,92,11,104,133,130,103,16,108" hai3="58,64,39,106,81,73,52,84,98,88,78,40,95"/><W12/><G64/><T55/><D3/><U102/><E113/><V46/><F104/><W112/><G112/><T125/><D118/><U38/><E102/><V74/><F108/><W72/><G106/><T32/><D109/><U53/><E38/><V19/><F133/><W100/><G100/><T0/><D0/><U87/><E25/><V13/><F130/><W6/><G40/><N who="2" m="15433" /><F74/><W124/><G124/><T101/><D101/><U75/><E75/><V85/><F77/><W48/><REACH who="3" step="1"/><G39/><REACH who="3" ten="256,244,250,240" step="2"/><T99/><D125/><U31/><E119/><V129/><F103/><W20/><G20/><T23/><D42/><U111/><E117/><V82/><F129/><W4/><G4/><T116/><D36/><U97/><E111/><V107/><F107/><W57/><G57/><T18/><D67/><U122/><E131/><V71/><F71/><W8/><AGARI ba="0,1" hai="6,8,12,48,52,58,72,73,78,81,84,88,95,98" machi="8" ten="30,12000,1" yaku="1,1,0,1,52,1,54,2,53,0" doraHai="51" doraHaiUra="26" who="3" fromWho="3" sc="256,-40,244,-40,250,-40,240,130" /><INIT seed="3,1,0,2,4,13" ten="216,204,210,370" oya="3" hai0="14,41,83,121,65,62,118,0,34,15,135,38,10" hai1="132,21,50,52,55,117,112,11,48,79,45,69,108" hai2="42,89,122,125,106,105,102,73,64,86,74,33,2" hai3="8,19,128,24,75,60,7,37,93,35,92,88,26"/><W25/><G37/><T107/><D121/><U71/><E112/><V16/><F2/><W12/><G75/><T63/><D107/><U28/><E108/><V39/><F33/><W123/><G128/><T90/><D34/><U57/><E132/><V44/><F122/><W36/><G36/><T49/><D38/><U5/><E79/><V134/><F134/><W53/><G93/><T68/><D62/><U51/><E51/><V85/><F85/><W110/><G110/><T133/><D0/><U111/><E117/><V115/><F115/><W31/><G123/><T77/><D90/><U96/><E96/><V43/><F43/><W1/><G53/><T47/><D15/><U72/><E72/><V94/><F64/><W119/><G60/><T23/><D23/><U81/><E81/><V113/><F125/><W127/><G127/><T32/><D32/><U59/><E45/><V76/><F113/><W56/><G56/><T103/><D103/><U95/><E95/><V18/><F74/><W4/><G119/><T67/><D67/><U78/><E78/><V98/><F106/><W46/><G46/><T58/><D68/><U3/><E111/><V101/><F101/><W91/><G91/><T129/><D129/><U100/><E100/><V130/><F130/><W61/><G61/><T114/><D118/><U104/><E104/><V116/><F116/><W27/><REACH who="3" step="1"/><G1/><REACH who="3" ten="216,204,210,360" step="2"/><T66/><D114/><U126/><E126/><V29/><F29/><W70/><G70/><T80/><D135/><U84/><E84/><AGARI ba="1,1" hai="4,7,8,12,19,24,25,26,27,31,35,84,88,92" machi="84" ten="40,7700,0" yaku="1,1,52,1,54,1,53,0" doraHai="13" doraHaiUra="99" who="3" fromWho="1" sc="216,0,204,-80,210,0,360,90" /><INIT seed="3,2,0,4,5,52" ten="216,124,210,450" oya="3" hai0="86,99,5,28,38,39,48,34,80,17,4,15,94" hai1="33,78,60,101,132,85,82,84,74,25,87,31,14" hai2="45,30,96,21,20,18,56,23,133,29,130,110,49" hai3="9,24,109,73,114,95,50,42,19,61,71,122,92"/><W43/><G73/><T22/><D39/><U65/><E132/><V107/><F110/><W113/><G122/><T35/><D38/><U115/><E115/><V54/><F133/><W57/><G71/><T16/><D17/><U120/><E120/><V26/><F130/><W46/><G42/><T37/><D37/><U10/><E101/><V125/><F125/><W128/><G128/><T27/><D48/><U59/><REACH who="1" step="1"/><E74/><REACH who="1" ten="216,114,210,450" step="2"/><V66/><F107/><W79/><G114/><T123/><D123/><U119/><E119/><V76/><F76/><W70/><G79/><T88/><REACH who="0" step="1"/><D35/><REACH who="0" ten="206,114,210,450" step="2"/><U127/><E127/><V77/><F77/><AGARI ba="2,2" hai="4,5,15,16,22,27,28,34,77,80,86,88,94,99" machi="77" ten="30,8000,1" yaku="1,1,2,1,7,1,54,2,53,0" doraHai="52" doraHaiUra="117" who="0" fromWho="2" sc="206,106,114,0,210,-86,450,0" /><INIT seed="4,0,0,5,1,96" ten="312,114,124,450" oya="0" hai0="102,77,59,100,69,76,117,20,113,105,74,60,57" hai1="131,62,46,92,109,35,103,17,130,45,67,118,2" hai2="16,122,71,93,99,116,65,114,28,13,121,101,31" hai3="68,132,90,104,115,94,12,79,56,134,135,38,64"/><T4/><D117/><U70/><E118/><V55/><F114/><W23/><G115/><T11/><D105/><U37/><E109/><V26/><F116/><W83/><G104/><T63/><D113/><U54/><E2/><V52/><F71/><W32/><G32/><T15/><D69/><U8/><E35/><V80/><F65/><W40/><G40/><T44/><D44/><U1/><E37/><V85/><F122/><W14/><G38/><T5/><D20/><U51/><E45/><V39/><F39/><W50/><G68/><T21/><D21/><U111/><E111/><V34/><F31/><W24/><G50/><T19/><D19/><U82/><E82/><V53/><F121/><W95/><G95/><T3/><D3/><U123/><E123/><V126/><F126/><W88/><G56/><N who="0" m="21579" /><D5/><U10/><E17/><V47/><F47/><W7/><G64/><T72/><D72/><U127/><E127/><V48/><F48/><W49/><G49/><T91/><D91/><N who="3" m="34857" /><G94/><T22/><D22/><U86/><E1/><V129/><F129/><N who="1" m="49161" /><E86/><V125/><F125/><W30/><G7/><T133/><D74/><AGARI ba="0,0" hai="12,14,23,24,30,74,79,83,132,134,135" m="34857" machi="74" ten="30,2000,0" yaku="20,1,54,1" doraHai="96" who="3" fromWho="0" sc="312,-20,114,0,124,0,450,20" /><INIT seed="5,0,0,2,3,104" ten="292,114,124,470" oya="1" hai0="33,117,0,89,23,114,128,15,68,91,130,46,85" hai1="50,102,71,113,47,126,13,64,43,79,2,44,49" hai2="18,57,45,83,134,8,9,120,107,51,11,132,25" hai3="99,60,76,54,122,69,38,6,39,1,35,75,80"/><U31/><E2/><V101/><F120/><W88/><G35/><T90/><D68/><U124/><E102/><V81/><F57/><W133/><G133/><N who="2" m="51305" /><F18/><W5/><G5/><T100/><D33/><U131/><E31/><V41/><F25/><W65/><G6/><T42/><D114/><U22/><E113/><V17/><F17/><W48/><G1/><T97/><D0/><U62/><E79/><V74/><F74/><W118/><G118/><T55/><D55/><U61/><E22/><V28/><F28/><W110/><G110/><T4/><D117/><U121/><E13/><V87/><F87/><W32/><G32/><T127/><D127/><N who="1" m="48683" /><E121/><V84/><F84/><W112/><G112/><T63/><D85/><U93/><E93/><V98/><AGARI ba="0,0" hai="8,9,11,41,45,51,81,83,98,101,107" m="51305" machi="98" ten="40,1500,0" yaku="20,1" doraHai="104" who="2" fromWho="2" sc="292,-4,114,-7,124,15,470,-4" /><INIT seed="6,0,0,5,3,86" ten="288,107,139,466" oya="2" hai0="129,121,120,37,133,116,35,96,82,9,47,17,101" hai1="59,94,119,25,104,84,97,110,83,74,79,108,69" hai2="77,134,55,70,64,107,16,27,15,109,13,75,81" hai3="118,91,73,20,48,76,112,131,12,40,135,87,10"/><V100/><F134/><W39/><G131/><T24/><D82/><U31/><E69/><V4/><F109/><W19/><G112/><T34/><D129/><U72/><E119/><V32/><F55/><W132/><G39/><T80/><D80/><U78/><E59/><V60/><F4/><W50/><G76/><T14/><D116/><U68/><E68/><V45/><F45/><W21/><G73/><T89/><D101/><U92/><E104/><V127/><F127/><W33/><G33/><T128/><D128/><U71/><E71/><V26/><F26/><W42/><G118/><T99/><D133/><N who="3" m="51273" /><G42/><T66/><D66/><U30/><E25/><V0/><F0/><W124/><G124/><T88/><D35/><U130/><E130/><V63/><F63/><W29/><G29/><T90/><D121/><U125/><E125/><V114/><F114/><W54/><G40/><T43/><D120/><U18/><E18/><V105/><F16/><W58/><G50/><T62/><D62/><U98/><E83/><AGARI ba="0,0" hai="10,12,19,20,21,48,54,58,83,87,91" m="51273" machi="83" ten="30,2000,0" yaku="20,1,52,1" doraHai="86" who="3" fromWho="1" sc="288,0,107,-20,139,0,466,20" /><INIT seed="7,0,0,0,3,70" ten="288,87,139,486" oya="3" hai0="7,56,69,108,90,23,40,119,112,75,58,30,131" hai1="48,78,71,19,86,77,114,68,76,2,18,41,10" hai2="79,92,105,130,36,29,47,91,60,93,15,0,38" hai3="85,1,27,117,97,3,132,65,121,14,33,134,50"/><W51/><G85/><T113/><D90/><U120/><E120/><V101/><F0/><W126/><G65/><T82/><D58/><U67/><E114/><V26/><F105/><W88/><G88/><T104/><D23/><U110/><E110/><V74/><F47/><W107/><G107/><T11/><D56/><U100/><E100/><V54/><F15/><W16/><G97/><T61/><D82/><U109/><E109/><V87/><F130/><W52/><G52/><T31/><D40/><U63/><E86/><V6/><F6/><W123/><G126/><T80/><D7/><U125/><E125/><V9/><F9/><W4/><G117/><T28/><D11/><U22/><E22/><V53/><F60/><W45/><G45/><T32/><D61/><U55/><E71/><V128/><F128/><W96/><G96/><T43/><D69/><U44/><E2/><V106/><F93/><W129/><G129/><T5/><D131/><U57/><REACH who="1" step="1"/><E10/><REACH who="1" ten="288,77,139,486" step="2"/><V17/><F101/><W37/><G121/><T34/><D113/><U98/><E98/><V46/><F87/><W64/><G123/><T62/><D112/><U81/><E81/><V83/><F83/><W118/><G27/><T73/><D80/><U124/><E124/><V115/><F26/><W103/><G4/><T127/><D127/><U25/><E25/><V21/><F115/><W12/><G50/><T20/><D108/><U102/><E102/><V13/><F74/><W111/><G103/><T24/><D75/><U135/><E135/><V122/><F122/><W66/><G134/><T116/><D73/><RYUUKYOKU ba="0,1" sc="288,-10,77,30,139,-10,486,-10" hai1="18,19,41,44,48,55,57,63,67,68,76,77,78" owari="278,8.0,107,-39.0,129,-27.0,486,58.0" /></mjloggm>