<mjloggm ver="2.3"><GO type="169" lobby="0"/><UN n0="%E3%81%9F%E3%81%8F%E3%81%98%E3%82%8D%E3%81%86" n1="%E7%89%8C%E5%BB%83%E4%BA%BA" n2="%E7%9C%9F%E3%81%8B%E3%81%AB%E3%83%9E%E3%82%B8%E3%83%B3" n3="%63%68%6F%6E%6A%69" dan="18,17,17,16" rate="2207.07,2148.43,2210.75,2038.69" sx="M,M,M,M"/><TAIKYOKU oya="0"/><INIT seed="0,0,0,5,5,110" ten="250,250,250,250" oya="0" hai0="76,27,62,75,105,126,38,112,46,47,125,18,97" hai1="113,130,99,70,84,103,131,45,77,86,34,134,54" hai2="14,21,55,80,119,133,65,100,85,64,121,58,74" hai3="59,111,87,3,8,93,56,88,26,101,6,120,9"/><T31/><D18/><U106/><E34/><V135/><F74/><W37/><G111/><T30/><D62/><U40/><E70/><V67/><F121/><W60/><G120/><T1/><D1/><U83/><E134/><N who="2" m="51211" /><F100/><W11/><G37/><T2/><D2/><U81/><E54/><V36/><F36/><W128/><G128/><T25/><D38/><U73/><E45/><N who="0" m="16905" /><D97/><U20/><E40/><V51/><F119/><W71/><G71/><T68/><D68/><U19/><E113/><V118/><F118/><W4/><G26/><N who="0" m="9739" /><D105/><U102/><E103/><V107/><F107/><W123/><G123/><T5/><D5/><U78/><REACH who="1" step="1"/><E73/><REACH who="1" ten="250,240,250,250" step="2"/><V109/><F109/><W63/><G101/><T82/><D112/><U94/><E94/><V114/><F114/><W32/><G32/><T44/><D44/><U12/><AGARI ba="0,1" hai="12,19,20,77,78,81,83,84,86,99,102,106,130,131" machi="12" ten="30,4000,0" yaku="1,1,0,1,9,1,53,0" doraHai="110" doraHaiUra="104" who="1" fromWho="1" sc="250,-20,240,50,250,-10,250,-10" /><INIT seed="1,0,0,5,3,26" ten="230,290,240,240" oya="1" hai0="122,42,95,59,105,10,117,106,57,133,113,100,80" hai1="36,110,46,130,34,27,3,6,84,62,90,0,120" hai2="32,16,72,23,64,33,18,40,121,30,107,89,63" hai3="86,92,66,99,25,81,111,109,97,35,37,49,123"/><U7/><E120/><V118/><F121/><W82/><G37/><T104/><D122/><U29/><E130/><V73/><F118/><W93/><G66/><T9/><D117/><U69/><E110/><N who="3" m="41994" /><G123/><T22/><D113/><U131/><E131/><V39/><F39/><W67/><G67/><T128/><D128/><U56/><E69/><V52/><F40/><W85/><G49/><T78/><D42/><U58/><E3/><V74/><F52/><W88/><G25/><T15/><D133/><U38/><E38/><V119/><F119/><W61/><G35/><T13/><D22/><U83/><E0/><V51/><F51/><W53/><G61/><T41/><D41/><U12/><E36/><V129/><F129/><W135/><G53/><T116/><D116/><U1/><E1/><V98/><F89/><N who="3" m="51383" /><G135/><T54/><D54/><U8/><E46/><V55/><F55/><W76/><G93/><T102/><D95/><U75/><E7/><V112/><F23/><W125/><G125/><T19/><D59/><U48/><E48/><V28/><F33/><W96/><AGARI ba="0,0" hai="76,81,86,88,92,96,97,99" m="51383,41994" machi="96" ten="30,7900,0" yaku="14,1,34,2,54,1" doraHai="26" who="3" fromWho="3" sc="230,-20,290,-39,240,-20,240,79" /><INIT seed="2,0,0,5,5,117" ten="210,251,220,319" oya="2" hai0="91,125,76,60,102,45,44,62,122,41,43,83,17" hai1="85,131,93,35,86,27,16,47,92,126,32,36,22" hai2="121,65,13,3,1,81,4,61,59,50,19,104,80" hai3="33,103,6,68,51,0,72,20,133,64,40,95,130"/><V46/><F104/><W70/><G72/><T48/><D125/><U118/><E118/><V75/><F121/><W53/><G40/><T14/><D102/><U128/><E126/><V15/><F75/><W82/><G82/><T101/><D101/><U132/><E132/><V123/><F123/><W135/><G33/><N who="1" m="12874" /><E36/><V67/><F67/><W94/><G130/><N who="1" m="49706" /><E47/><V26/><F1/><W25/><G103/><T96/><D122/><U57/><E57/><V108/><F3/><W49/><G0/><T116/><D91/><U54/><E54/><V18/><F4/><W5/><G53/><T63/><D96/><U115/><E115/><V87/><F108/><W105/><G64/><T10/><D116/><U21/><E22/><N who="2" m="13663" /><F18/><W66/><G66/><T100/><D100/><U110/><E110/><V78/><F80/><W109/><G109/><T23/><D23/><U97/><E93/><V56/><F56/><W2/><G20/><T58/><D58/><U84/><E92/><V30/><F30/><W69/><G2/><T77/><REACH who="0" step="1"/><D83/><REACH who="0" ten="200,251,220,319" step="2"/><U73/><E97/><V90/><F90/><W31/><G133/><T52/><D52/><AGARI ba="0,1" hai="13,15,46,50,52,59,61,65,78,81,87" m="13663" machi="52" ten="30,2900,0" yaku="8,1,54,1" doraHai="117" who="2" fromWho="0" sc="200,-29,251,0,220,39,319,0" /><INIT seed="2,1,0,5,2,83" ten="171,251,259,319" oya="2" hai0="60,84,92,17,20,111,100,49,25,24,52,37,41" hai1="50,74,5,80,107,93,113,65,57,124,96,42,99" hai2="132,135,54,27,112,0,2,28,19,94,131,71,108" hai3="56,88,45,129,44,78,68,89,55,23,59,16,69"/><V63/><F112/><W21/><G129/><T1/><D1/><U106/><E113/><V116/><F131/><W73/><G73/><T115/><D115/><U15/><E124/><V117/><F94/><W43/><G78/><T118/><D111/><U11/><E65/><V119/><F54/><W67/><G67/><T81/><D118/><U38/><E99/><V102/><F102/><W91/><G23/><T26/><D60/><U10/><E38/><V53/><F108/><W48/><G68/><T70/><D70/><U77/><E11/><V39/><F39/><W14/><REACH who="3" step="1"/><G69/><REACH who="3" ten="171,251,259,309" step="2"/><T82/><D37/><AGARI ba="1,1" hai="14,16,21,37,43,44,45,48,55,56,59,88,89,91" machi="37" ten="40,8000,1" yaku="1,1,2,1,54,2,53,1" doraHai="83" doraHaiUra="18" who="3" fromWho="0" sc="171,-83,251,0,259,0,309,93" /><INIT seed="3,0,0,0,3,109" ten="88,251,259,402" oya="3" hai0="110,36,77,11,65,85,58,122,40,17,125,124,90" hai1="101,56,94,78,42,2,61,84,26,45,47,23,54" hai2="29,31,53,121,117,123,89,69,73,6,72,116,57" hai3="13,59,68,127,97,22,52,95,19,1,87,9,21"/><W131/><G68/><T7/><D122/><N who="2" m="46602" /><F69/><W98/><G131/><T112/><D110/><U64/><E2/><V74/><F89/><N who="3" m="53695" /><G127/><N who="0" m="48715" /><D77/><U105/><E105/><V32/><F6/><W14/><G1/><T15/><D40/><U16/><E78/><V115/><F115/><W30/><G30/><N who="2" m="11273" /><F32/><W93/><G93/><T91/><D36/><U66/><E47/><V132/><F132/><W25/><G25/><T37/><D37/><U55/><E66/><V67/><F67/><W70/><G70/><T4/><D91/><N who="1" m="53607" /><E101/><V83/><F83/><W35/><G35/><T120/><D120/><U24/><E24/><V134/><F134/><W41/><G41/><T111/><D111/><U102/><E102/><V80/><F80/><W92/><G92/><N who="0" m="54351" /><D112/><U5/><E5/><V18/><F18/><N who="3" m="8495" /><G22/><T51/><D65/><U3/><E3/><V100/><F100/><W28/><G28/><T113/><D113/><U38/><E38/><V0/><F0/><W10/><G10/><T62/><D62/><AGARI ba="0,0" hai="53,57,62,72,73,74,116,117" m="11273,46602" machi="62" ten="40,1300,0" yaku="13,1" doraHai="109" who="2" fromWho="0" sc="88,-13,251,0,259,13,402,0" /><AGARI ba="0,0" hai="14,19,21,52,59,62,97,98" m="8495,53695" machi="62" ten="30,2900,0" yaku="8,1,54,1" doraHai="109" who="3" fromWho="0" sc="75,-29,251,0,272,0,402,29" /><INIT seed="3,1,0,1,3,37" ten="46,251,272,431" oya="3" hai0="69,116,97,22,45,133,62,10,34,74,68,55,39" hai1="117,132,23,9,71,19,5,112,14,73,91,114,111" hai2="115,54,105,13,81,46,102,82,38,1,106,86,64" hai3="75,59,67,131,70,98,30,21,95,100,28,87,48"/><W27/><G131/><T49/><D34/><U103/><E71/><V121/><F1/><W42/><G70/><T4/><D116/><U2/><E73/><V52/><F64/><W93/><G75/><T96/><D74/><U94/><E117/><V51/><F115/><W108/><G108/><T8/><D133/><U83/><E132/><V17/><F121/><W6/><G6/><T127/><D127/><U65/><E65/><V24/><F24/><W35/><G35/><T123/><D123/><U85/><E111/><V109/><F82/><W60/><G87/><T88/><D10/><U119/><E119/><V53/><F38/><W18/><G93/><T43/><D22/><U66/><E66/><V101/><F106/><W40/><G48/><T12/><D62/><U80/><E80/><V135/><F109/><W76/><G76/><T44/><REACH who="0" step="1"/><D97/><REACH who="0" ten="36,251,272,431" step="2"/><U77/><E114/><V15/><F135/><W26/><G26/><T7/><D7/><U78/><E112/><V3/><F3/><W0/><G0/><T90/><D90/><U129/><E2/><V32/><F32/><W25/><G25/><T79/><D79/><U57/><E78/><V47/><F13/><W20/><G20/><T120/><D120/><U110/><E110/><V31/><F15/><W113/><G113/><T50/><D50/><U72/><E23/><V11/><F51/><W125/><G125/><T99/><D99/><N who="1" m="59895" /><E5/><V130/><F11/><W89/><G89/><T122/><D122/><U84/><E91/><V36/><F36/><W61/><G61/><T118/><D118/><U104/><E72/><RYUUKYOKU ba="1,1" sc="36,15,251,-15,272,-15,431,15" hai0="4,8,12,39,43,44,45,49,55,68,69,88,96" hai3="18,21,27,28,30,40,42,59,60,67,95,98,100" /><INIT seed="3,2,1,3,4,83" ten="51,236,257,446" oya="3" hai0="117,110,56,134,1,40,39,119,51,131,3,0,2" hai1="20,94,25,66,124,84,72,46,73,86,53,132,122" hai2="17,126,112,96,109,28,35,85,133,58,61,105,113" hai3="118,114,44,78,62,4,24,77,16,68,100,92,97"/><W22/><G114/><T60/><N who="0" m="0" /><DORA hai="49" /><T33/><D33/><U23/><E122/><V123/><F123/><W57/><G118/><T98/><D39/><U10/><E132/><V90/><F133/><W67/><G4/><T36/><D36/><U13/><E124/><V7/><F7/><W38/><G68/><T107/><D134/><U59/><E73/><V128/><F126/><W9/><G9/><T32/><D32/><U52/><E72/><V69/><F128/><W18/><G18/><T6/><D6/><N who="1" m="3287" /><E94/><V29/><F17/><W91/><G38/><T80/><D110/><U106/><E106/><V63/><F63/><W27/><G44/><T74/><D131/><U14/><E14/><V54/><F69/><W75/><G75/><T79/><D107/><U47/><E66/><V99/><F109/><W55/><G67/><T19/><D19/><N who="1" m="12447" /><E23/><V43/><F105/><W70/><G70/><T102/><D102/><U64/><E64/><V26/><F28/><W41/><G41/><T81/><D81/><U87/><E53/><V5/><F43/><W93/><G27/><T31/><D31/><U115/><E115/><V116/><F5/><W12/><G12/><T8/><D8/><U130/><E130/><V121/><F121/><W88/><G100/><T37/><D37/><U82/><E82/><N who="2" m="49463" /><F116/><W30/><G30/><T34/><D34/><U65/><E65/><V120/><F120/><W101/><G101/><T50/><D40/><U48/><AGARI ba="2,1" hai="46,47,48,52,59,84,86,87" m="12447,3287" machi="48" ten="30,12000,2" yaku="8,1,52,4,54,1" doraHai="83,49" who="1" fromWho="1" sc="51,-32,236,136,257,-32,446,-62" /><INIT seed="4,0,0,3,0,8" ten="19,372,225,384" oya="0" hai0="29,52,31,36,83,117,91,75,74,55,47,32,68" hai1="51,50,93,2,77,109,135,16,132,5,42,45,63" hai2="98,30,0,131,48,107,21,102,34,13,88,134,110" hai3="18,78,3,104,122,14,118,113,127,70,119,94,66"/><T12/><D117/><U97/><E109/><V90/><F110/><W89/><G104/><T43/><D68/><U58/><E77/><V114/><F0/><W99/><G3/><T115/><D115/><U60/><E2/><V76/><F114/><W61/><G113/><T57/><D55/><N who="1" m="32127" /><E5/><V133/><F131/><W100/><G127/><T108/><D108/><U22/><E135/><N who="2" m="51723" /><F76/><W125/><G125/><T87/><D31/><U7/><E7/><V20/><F34/><W79/><G100/><T73/><D29/><U19/><E132/><V17/><F48/><W44/><G122/><T129/><D32/><U6/><E6/><V26/><AGARI ba="0,0" hai="13,17,20,21,26,30,88,90,98,102,107" m="51723" machi="26" ten="30,4000,0" yaku="20,1,52,1,54,1" doraHai="8" who="2" fromWho="2" sc="19,-20,372,-10,225,40,384,-10" owari="-1,-50.0,362,16.0,265,-13.0,374,47.0" /></mjloggm>