<mjloggm ver="2.3"><GO type="185" lobby="0"/><UN n0="%E3%82%BF%E3%83%A1%E6%8A%9C%E3%81%8D%E5%8D%81%E6%AE%B5" n1="%45%6D%75%72%61%74%65%64" n2="%E5%B6%BA%E4%B8%8A%E5%92%B2" n3="" dan="16,18,16,0" rate="2133.47,2323.97,2175.40,1500.00" sx="M,M,M,C"/><TAIKYOKU oya="0"/><INIT seed="0,0,0,0,1,64" ten="350,350,350,0" oya="0" hai0="44,0,74,83,106,98,82,124,127,91,131,100,32" hai1="112,48,88,39,104,72,2,123,95,87,120,103,54" hai2="51,40,42,115,85,86,122,116,119,37,52,90,57" hai3=""/><T78/><D0/><U126/><N who="1" m="30752" /><U75/><N who="1" m="31520" /><U102/><E2/><V129/><N who="2" m="31264" /><V132/><F115/><T65/><D32/><U97/><E39/><V45/><F129/><T46/><D131/><U125/><E112/><V84/><F132/><T96/><D65/><U38/><E38/><V66/><F42/><T56/><D56/><U107/><E54/><V130/><F130/><T117/><D117/><N who="2" m="45130" /><F66/><T121/><N who="0" m="31008" /><T113/><D113/><U89/><E48/><V61/><F37/><T109/><D109/><U69/><E69/><V53/><F40/><T135/><D135/><U33/><E33/><V68/><F90/><T60/><D60/><U111/><E111/><V58/><F58/><T49/><D49/><U114/><E114/><V35/><F35/><T70/><D70/><AGARI ba="0,0" hai="45,51,52,53,57,61,68,70,84,85,86" m="45130,31264" machi="70" ten="30,8000,1" yaku="12,1,52,3,54,1" doraHai="64" who="2" fromWho="0" sc="350,-80,350,0,350,80,0,0" /><INIT seed="1,0,0,2,5,41" ten="270,350,430,0" oya="1" hai0="64,106,132,101,32,128,77,51,62,40,59,107,135" hai1="72,121,119,35,89,1,99,38,123,120,82,60,44" hai2="116,50,74,95,94,73,90,113,131,55,54,115,134" hai3=""/><U36/><N who="1" m="30752" /><U127/><N who="1" m="31008" /><U0/><N who="1" m="31520" /><U125/><E35/><V48/><F116/><T2/><D32/><U100/><E119/><V46/><F131/><T126/><D2/><U85/><E72/><V43/><F134/><N who="0" m="51242" /><D128/><U118/><E118/><V96/><F94/><T52/><D126/><N who="1" m="48139" /><E60/><V45/><REACH who="2" step="1"/><F43/><REACH who="2" ten="270,350,420,0" step="2"/><T47/><D40/><U103/><E103/><V130/><F130/><T65/><D101/><U67/><E67/><V78/><F78/><T49/><D77/><U124/><E124/><V97/><F97/><T58/><D65/><U37/><E44/><V92/><F92/><AGARI ba="0,1" hai="0,1,36,37,38,82,85,89,92,99,100" m="48139,31520,31008,30752" machi="92" ten="40,12000,1" yaku="18,1,52,3" doraHai="41" who="1" fromWho="2" sc="270,0,350,130,420,-120,0,0" /><INIT seed="1,1,0,1,4,63" ten="270,480,300,0" oya="1" hai0="124,74,69,38,94,46,50,79,117,104,59,123,111" hai1="96,85,78,53,84,89,1,133,129,44,32,90,122" hai2="92,88,126,115,120,113,114,107,128,121,41,97,109" hai3=""/><U68/><N who="1" m="31264" /><U70/><E32/><V75/><N who="2" m="30752" /><V64/><N who="2" m="31008" /><V57/><F41/><T134/><N who="0" m="31520" /><T56/><D111/><U43/><E1/><V118/><F118/><T62/><D117/><U102/><E129/><V127/><F128/><T39/><D104/><U52/><E78/><V48/><F109/><T42/><D124/><N who="2" m="47658" /><F75/><T125/><D125/><U34/><E34/><V67/><F107/><T2/><D2/><U83/><E133/><V87/><F97/><T106/><D106/><U0/><E0/><V130/><F130/><T33/><D33/><U37/><E70/><V100/><F100/><T112/><D112/><U51/><E68/><V101/><F101/><T61/><D134/><U47/><E96/><V65/><F48/><T77/><D69/><U116/><E102/><V98/><F98/><T54/><D74/><U80/><E116/><V119/><F119/><T36/><REACH who="0" step="1"/><D94/><REACH who="0" ten="260,480,300,0" step="2"/><U60/><E83/><V135/><F135/><T3/><D3/><U40/><E80/><V49/><F114/><T45/><D45/><U66/><E47/><V95/><F95/><T103/><D103/><U73/><E44/><V99/><F99/><T76/><D76/><U93/><E73/><V35/><F35/><RYUUKYOKU ba="1,1" sc="260,10,480,-20,300,10,0,0" hai0="36,38,39,42,46,50,54,56,59,61,62,77,79" hai2="49,57,64,65,67,87,88,92,113,115" /><INIT seed="2,2,1,4,1,118" ten="270,460,310,0" oya="2" hai0="128,69,113,82,73,49,112,70,100,127,97,3,83" hai1="40,103,85,99,111,114,34,93,76,87,38,43,86" hai2="123,108,48,95,75,53,62,126,129,135,1,132,110" hai3=""/><V89/><N who="2" m="31520" /><V68/><F1/><T94/><D3/><U134/><E34/><V122/><N who="2" m="31264" /><V50/><F75/><T79/><D128/><U120/><N who="1" m="30752" /><U56/><E114/><N who="0" m="44137" /><D127/><U51/><E134/><N who="2" m="51243" /><F129/><T57/><D83/><U105/><E111/><N who="2" m="42539" /><F126/><T44/><D57/><U71/><E71/><V41/><F41/><AGARI ba="2,1" hai="41,44,49,69,70,73,79,82,94,97,100" m="44137" machi="41" ten="30,1000,0" yaku="11,1" doraHai="118" who="0" fromWho="2" sc="270,24,460,0,310,-14,0,0" /><INIT seed="4,0,0,2,1,77" ten="294,460,296,0" oya="0" hai0="117,56,40,48,83,59,74,50,53,70,88,98,119" hai1="1,81,118,89,69,107,46,84,41,65,129,112,103" hai2="126,110,93,37,80,60,43,102,104,42,100,96,39" hai3=""/><T64/><D40/><U0/><E118/><V2/><F2/><T75/><D70/><U63/><E129/><V61/><F110/><T114/><D114/><U78/><E112/><V79/><F126/><T125/><D125/><U105/><E103/><V73/><F43/><T87/><D98/><U62/><E62/><V131/><F131/><T35/><D35/><U128/><E128/><V134/><F134/><T51/><D64/><U108/><E108/><V132/><F132/><T85/><D50/><U111/><E111/><V38/><F42/><T47/><D47/><U32/><E32/><V116/><F116/><T92/><D117/><U49/><E0/><V95/><F104/><T54/><D119/><U91/><E1/><V115/><F115/><T76/><AGARI ba="0,0" hai="48,51,53,54,56,59,74,75,76,83,85,87,88,92" machi="76" ten="20,8000,1" yaku="0,1,7,1,9,1,52,1,54,1" doraHai="77" who="0" fromWho="0" sc="294,80,460,-40,296,-40,0,0" /><INIT seed="4,1,0,0,3,45" ten="374,420,256,0" oya="0" hai0="47,80,63,90,85,111,34,73,53,96,117,50,70" hai1="37,123,100,118,89,130,124,119,106,98,46,109,35" hai2="102,77,57,114,132,66,116,74,56,54,86,52,135" hai3=""/><T128/><D34/><U55/><N who="1" m="31520" /><U72/><E35/><V49/><F74/><T51/><D117/><U126/><E109/><V122/><N who="2" m="31264" /><V82/><F114/><T2/><D2/><U112/><E112/><V36/><F116/><T127/><D111/><U110/><E110/><V79/><F36/><T87/><D128/><U129/><E72/><V78/><F66/><T58/><D127/><N who="1" m="48683" /><E89/><V3/><F3/><T59/><D70/><U103/><E103/><V43/><F43/><T65/><D73/><U67/><E67/><V95/><F102/><T40/><REACH who="0" step="1"/><D85/><REACH who="0" ten="364,420,256,0" step="2"/><U91/><E119/><V99/><F132/><T44/><D44/><U101/><E118/><V38/><F135/><T104/><D104/><U48/><E106/><V84/><F84/><T125/><D125/><U62/><E130/><V71/><F71/><T97/><AGARI ba="1,1" hai="40,47,50,51,53,58,59,63,65,80,87,90,96,97" machi="97" ten="30,12000,2" yaku="1,1,0,1,8,1,52,2,53,1" doraHai="45" doraHaiUra="61" who="0" fromWho="0" sc="364,132,420,-61,256,-61,0,0" /><INIT seed="4,2,0,0,3,67" ten="496,359,195,0" oya="0" hai0="113,99,106,126,72,35,51,58,71,89,78,60,119" hai1="135,131,70,33,32,69,2,68,94,123,81,75,100" hai2="56,65,92,88,91,74,46,110,49,79,40,98,50" hai3=""/><T62/><D119/><U129/><N who="1" m="31520" /><U127/><E2/><V54/><F110/><T90/><D35/><N who="1" m="13387" /><E135/><V73/><F79/><T97/><D126/><U66/><E66/><V102/><F65/><T111/><D78/><U59/><E59/><V39/><F39/><T120/><N who="0" m="30752" /><T1/><D1/><U41/><E41/><V101/><REACH who="2" step="1"/><F91/><REACH who="2" ten="496,359,185,0" step="2"/><T64/><D64/><U117/><E117/><V42/><F42/><T104/><D111/><U34/><E34/><V115/><F115/><T125/><D113/><U133/><E133/><V116/><F116/><T93/><D89/><U37/><E37/><V44/><F44/><T45/><D90/><U128/><E127/><V80/><F80/><T53/><D125/><U52/><E52/><V118/><F118/><T95/><D53/><U134/><E134/><V61/><F61/><T108/><D62/><U109/><E109/><V96/><F96/><T85/><D60/><U107/><E81/><V82/><F82/><T114/><D114/><U47/><E47/><V38/><F38/><T121/><D45/><U3/><E3/><V86/><F86/><T63/><D85/><U105/><E75/><AGARI ba="2,1" hai="40,46,49,50,54,56,73,74,75,88,92,98,101,102" machi="75" ten="40,2600,0" yaku="1,1,54,1,53,0" doraHai="67" doraHaiUra="122" who="2" fromWho="1" sc="496,0,359,-30,185,40,0,0" /><INIT seed="5,0,0,5,2,56" ten="496,329,225,0" oya="1" hai0="98,1,41,87,68,38,128,107,61,124,104,54,89" hai1="122,32,0,86,48,91,81,97,85,43,44,60,132" hai2="57,76,102,109,106,72,65,133,113,82,121,53,88" hai3=""/><U119/><N who="1" m="31264" /><U45/><E0/><V110/><N who="2" m="31008" /><V62/><F133/><T108/><D1/><U79/><E32/><V134/><F134/><T90/><D108/><U94/><E132/><V74/><F113/><T116/><D124/><U59/><E119/><V84/><F74/><T52/><D116/><U77/><E45/><V114/><F114/><T42/><D128/><U50/><E50/><V63/><F102/><T95/><D38/><U115/><E115/><V112/><F106/><T100/><D104/><U83/><E59/><V123/><N who="2" m="31520" /><V70/><F112/><T117/><D117/><U96/><REACH who="1" step="1"/><E60/><REACH who="1" ten="496,319,225,0" step="2"/><V75/><REACH who="2" step="1"/><F75/><AGARI ba="0,1" hai="43,44,48,75,77,79,81,83,85,86,91,94,96,97" m="31264" machi="75" ten="30,11600,0" yaku="1,1,2,1,7,1,52,1,53,0" doraHai="56" doraHaiUra="33" who="1" fromWho="2" sc="496,0,319,126,225,-116,0,0" /><INIT seed="5,1,0,3,5,74" ten="496,445,109,0" oya="1" hai0="127,75,3,121,105,60,104,57,93,135,115,52,69" hai1="41,128,42,50,45,99,66,130,94,33,43,98,125" hai2="51,81,129,78,39,0,109,53,82,59,2,64,108" hai3=""/><U48/><E33/><V65/><F129/><N who="1" m="49769" /><E125/><V117/><F117/><T63/><D127/><U101/><E66/><V88/><F39/><T97/><D3/><U95/><E45/><V103/><F103/><AGARI ba="1,0" hai="41,42,43,48,50,94,95,98,99,101,103" m="49769" machi="103" ten="30,1500,0" yaku="19,1" doraHai="74" who="1" fromWho="2" sc="496,0,445,17,109,-17,0,0" /><INIT seed="5,2,0,4,5,40" ten="496,462,92,0" oya="1" hai0="86,72,63,99,87,109,74,70,61,37,68,112,115" hai1="113,64,93,67,33,84,82,46,100,89,114,77,118" hai2="60,111,78,52,98,58,65,97,122,0,107,110,66" hai3=""/><U62/><E33/><V55/><N who="2" m="31264" /><V90/><F0/><T51/><D99/><U88/><E118/><V53/><F78/><T48/><D37/><U79/><E100/><V49/><F107/><T39/><D39/><U92/><E46/><V105/><F105/><T56/><D56/><U54/><E54/><V41/><F90/><T45/><D45/><U124/><E124/><V129/><F129/><T95/><D95/><U91/><E77/><V69/><F98/><T59/><D59/><U35/><E35/><V81/><F81/><T75/><D75/><U116/><E116/><V119/><F97/><T134/><D134/><U132/><E132/><V73/><F73/><T76/><D76/><U96/><E67/><V135/><F119/><T120/><N who="0" m="30752" /><T133/><D133/><U34/><E34/><V83/><F83/><T85/><D85/><U127/><E127/><V101/><F101/><T131/><D131/><U102/><REACH who="1" step="1"/><E93/><REACH who="1" ten="496,452,92,0" step="2"/><V47/><F135/><T2/><D2/><U121/><N who="1" m="31008" /><U71/><AGARI ba="2,1" hai="62,64,71,79,82,84,88,89,91,92,96,102,113,114" m="31008" machi="71" ten="30,8000,1" yaku="1,1,4,1,0,1,52,1,54,1,53,0" doraHai="40" doraHaiUra="126" who="1" fromWho="1" sc="496,-42,452,94,92,-42,0,0" /><INIT seed="5,3,0,2,5,93" ten="454,546,50,0" oya="1" hai0="105,41,118,87,96,59,122,0,37,81,86,48,64" hai1="121,112,71,2,80,77,98,70,106,128,101,66,135" hai2="49,72,35,1,133,57,115,84,125,68,40,67,74" hai3=""/><U51/><N who="1" m="31008" /><U42/><E2/><V33/><F1/><T108/><N who="0" m="31264" /><T82/><D108/><U83/><E112/><V132/><F115/><T134/><D0/><U119/><E119/><V46/><F125/><T39/><D118/><U3/><E3/><V34/><F68/><T130/><D130/><U127/><E127/><V56/><F84/><T120/><N who="0" m="30752" /><T43/><D134/><N who="2" m="51818" /><F67/><T116/><D116/><U58/><E135/><V99/><F99/><T89/><D64/><U78/><E128/><V92/><F92/><T109/><D109/><U103/><E103/><V114/><F114/><T104/><D96/><U126/><E126/><V107/><F107/><T47/><D59/><AGARI ba="3,0" hai="33,34,35,40,46,49,56,57,59,72,74" m="51818" machi="59" ten="40,1300,0" yaku="20,1" doraHai="93" who="2" fromWho="0" sc="454,-19,546,0,50,19,0,0" /><INIT seed="6,0,0,4,3,123" ten="435,546,69,0" oya="2" hai0="86,56,72,119,118,135,88,71,91,114,121,69,133" hai1="130,75,59,83,39,52,55,115,109,40,44,101,45" hai2="125,3,70,124,99,95,53,81,32,54,34,42,128" hai3=""/><V111/><F3/><T1/><N who="0" m="31008" /><T48/><D1/><U68/><E109/><V108/><F128/><T0/><D0/><U89/><E68/><V94/><F70/><T67/><D72/><U33/><E33/><V107/><F42/><T41/><D114/><U131/><E101/><V74/><F107/><T106/><D106/><U105/><E105/><V36/><F36/><T82/><D41/><U84/><E75/><V132/><F132/><T93/><D48/><U116/><E116/><V112/><F74/><T110/><D110/><N who="2" m="42026" /><F81/><T100/><D82/><U78/><E115/><V43/><F43/><T85/><D119/><U64/><E39/><V37/><F37/><T76/><D118/><U97/><E40/><V49/><F112/><T46/><D133/><U129/><E129/><V58/><F53/><T98/><D135/><U79/><E55/><V47/><F47/><T80/><D71/><U103/><E44/><V63/><F63/><T92/><D69/><U65/><E45/><V122/><N who="2" m="31264" /><V51/><F51/><T90/><D46/><U57/><E131/><V38/><F38/><T102/><D80/><U61/><E130/><V120/><N who="2" m="30752" /><V113/><F113/><T126/><D93/><N who="2" m="35338" /><F99/><T77/><D98/><RYUUKYOKU ba="0,0" sc="435,-10,546,-10,69,20,0,0" hai2="32,34,49,54,58,124,125" /><INIT seed="6,1,0,5,1,52" ten="425,536,89,0" oya="2" hai0="126,56,104,114,54,32,72,93,65,83,125,61,41" hai1="34,77,0,91,92,67,88,76,107,118,82,105,2" hai2="35,55,108,57,117,48,109,79,111,130,100,95,134" hai3=""/><V37/><F35/><T98/><D32/><U60/><E34/><V116/><F130/><T74/><D104/><U38/><E38/><V39/><F134/><T70/><D41/><U49/><E49/><V124/><F124/><N who="0" m="47722" /><D74/><U113/><E113/><V90/><F79/><T40/><D114/><U115/><E115/><V87/><REACH who="2" step="1"/><F100/><REACH who="2" ten="425,536,79,0" step="2"/><T47/><D72/><U78/><E78/><V58/><F58/><T112/><D112/><U80/><E77/><V106/><F106/><T45/><D56/><U133/><E76/><V75/><F75/><T85/><D45/><U97/><E133/><V99/><F99/><T1/><D47/><U43/><E97/><V86/><F86/><T68/><D85/><U132/><E132/><V131/><F131/><T123/><D98/><U46/><E46/><V66/><F66/><T71/><D65/><U3/><E107/><V120/><N who="2" m="30752" /><V129/><F129/><T122/><D122/><U127/><E105/><V84/><F84/><T121/><D121/><U51/><E127/><V89/><F89/><T101/><D101/><U53/><E91/><V73/><F73/><T96/><D96/><U110/><E67/><V64/><F64/><T135/><N who="0" m="31520" /><T119/><D135/><U62/><E88/><RYUUKYOKU ba="1,1" sc="425,-10,536,-10,79,20,0,0" hai2="37,39,48,55,57,87,90,95,108,109,111,116,117" /><INIT seed="6,2,1,3,3,39" ten="415,526,99,0" oya="2" hai0="122,77,36,45,49,110,109,126,71,64,81,42,50" hai1="135,103,127,102,92,112,51,111,91,79,115,53,117" hai2="46,106,40,38,129,76,93,128,130,114,48,41,44" hai3=""/><V37/><F106/><T32/><N who="0" m="31264" /><T134/><D32/><U61/><E111/><V67/><F76/><T62/><D134/><U1/><E1/><V3/><F3/><T56/><D126/><U100/><E127/><V123/><N who="2" m="31520" /><V2/><F2/><T74/><D50/><U55/><E79/><V72/><F72/><T99/><D99/><U84/><E117/><V35/><F35/><T98/><D98/><U69/><E135/><V121/><N who="2" m="31008" /><V133/><F133/><T52/><AGARI ba="2,1" hai="36,42,45,49,52,56,62,64,71,74,77,81,109,110" m="31264" machi="52" ten="30,9000,2" yaku="0,1,24,2,52,2,54,1" doraHai="39" who="0" fromWho="0" sc="415,104,526,-32,99,-62,0,0" owari="519,47.0,494,9.0,37,-56.0,0,0.0" /></mjloggm>