<mjloggm ver="2.3"><GO type="169" lobby="0"/><UN n0="%E3%81%AA%E3%82%8A%E3%81%9F%E3%81%B6%E3%82%89%E3%81%84%E3%81%82%E3%82%93" n1="%E6%9C%A8%E5%8E%9F%E8%B1%AA%E4%B8%80" n2="%E3%83%A2%E3%83%AD%E3%83%98%E3%82%A4%E3%83%A4" n3="%43%68%75%65%6C" dan="17,17,16,16" rate="2195.66,2141.19,2053.76,2097.83" sx="M,M,M,F"/><TAIKYOKU oya="0"/><INIT seed="0,0,0,0,2,44" ten="250,250,250,250" oya="0" hai0="81,48,34,118,77,38,5,92,45,42,101,65,94" hai1="128,16,98,99,57,13,113,6,105,52,63,95,121" hai2="41,82,89,60,115,117,47,80,66,67,7,86,43" hai3="53,120,85,28,127,61,114,106,130,22,124,36,15"/><T12/><D118/><U111/><E121/><V110/><F115/><W100/><G114/><T30/><D101/><U68/><E113/><V71/><F117/><W75/><G75/><T74/><D65/><U40/><E111/><V96/><F110/><W116/><G36/><T79/><D79/><U4/><E128/><V84/><F96/><W51/><G116/><T119/><D38/><U122/><E122/><V109/><F109/><W104/><G120/><T26/><REACH who="0" step="1"/><D119/><REACH who="0" ten="240,250,250,250" step="2"/><U49/><E68/><V83/><F67/><W39/><G100/><T17/><D17/><U21/><E105/><V54/><F7/><N who="1" m="2601" /><E95/><V59/><F82/><W134/><G39/><T3/><D3/><U24/><E13/><V55/><F71/><W19/><G104/><T70/><D70/><U32/><E32/><V14/><F14/><W33/><G106/><T50/><D50/><U8/><E8/><AGARI ba="0,1" hai="5,8,12,26,30,34,42,45,48,74,77,81,92,94" machi="8" ten="40,3900,0" yaku="1,1,52,1,53,0" doraHai="44" doraHaiUra="103" who="0" fromWho="1" sc="240,49,250,-39,250,0,250,0" /><INIT seed="0,1,0,2,1,31" ten="289,211,250,250" oya="0" hai0="12,80,121,74,126,125,83,106,120,57,75,85,112" hai1="55,28,96,46,94,54,52,24,61,8,3,67,91" hai2="48,35,109,26,128,32,1,107,70,87,33,63,79" hai3="66,129,40,29,51,133,103,4,44,50,122,132,72"/><T135/><D112/><U73/><E73/><V68/><F1/><W116/><G72/><N who="0" m="27691" /><D12/><U119/><E119/><V86/><F109/><W92/><G116/><T93/><D57/><U19/><E3/><V5/><F5/><W59/><G4/><T60/><D60/><U21/><E8/><V49/><F107/><W7/><G7/><T18/><D18/><U30/><REACH who="1" step="1"/><E46/><REACH who="1" ten="289,201,250,250" step="2"/><V111/><F111/><W64/><G44/><T45/><D45/><U42/><E42/><V27/><F128/><W123/><G40/><T113/><D113/><U127/><E127/><N who="0" m="48649" /><D135/><U104/><E104/><V36/><F36/><W20/><G132/><T41/><D41/><U14/><E14/><V16/><F26/><W108/><G133/><T100/><D106/><U130/><E130/><V17/><F27/><W11/><G129/><T124/><D124/><U25/><E25/><V69/><F63/><W0/><G11/><T53/><D53/><U2/><E2/><V95/><F49/><W10/><G50/><T110/><D110/><U101/><E101/><V84/><F48/><W98/><G108/><T82/><D100/><U13/><E13/><V76/><REACH who="2" step="1"/><F95/><REACH who="2" ten="289,201,240,250" step="2"/><W117/><G51/><T99/><D121/><U89/><E89/><V71/><N who="2" m="17408" /><DORA hai="37" /><V114/><F114/><W90/><G90/><N who="0" m="55735" /><D120/><U131/><E131/><V97/><F97/><W56/><G98/><T62/><D62/><U118/><E118/><V9/><F9/><W23/><G117/><T102/><D102/><U47/><E47/><V39/><F39/><W6/><G122/><T22/><D22/><U43/><E43/><RYUUKYOKU ba="1,2" sc="289,10,201,10,240,10,250,-30" hai0="80,82,83,85" hai1="19,21,24,28,30,52,54,55,61,67,91,94,96" hai2="16,17,32,33,35,76,79,84,86,87" /><INIT seed="0,2,2,1,4,109" ten="299,211,250,220" oya="0" hai0="125,27,65,91,19,66,8,92,90,6,84,121,1" hai1="53,128,42,126,49,120,25,129,48,116,73,135,106" hai2="78,20,11,114,132,44,7,123,60,81,88,33,95" hai3="5,4,32,30,94,70,99,41,133,29,3,39,12"/><T134/><D121/><U75/><E116/><V26/><F33/><W51/><G70/><T87/><D134/><U124/><E120/><V72/><F123/><W127/><G39/><T68/><D68/><U130/><E106/><V118/><F132/><W117/><G133/><T55/><D125/><N who="1" m="48235" /><E135/><V37/><F118/><W104/><G104/><T74/><D74/><N who="1" m="28171" /><E42/><V50/><F60/><W85/><G3/><T80/><D55/><U107/><E107/><V18/><F37/><W115/><G32/><T14/><REACH who="0" step="1"/><D27/><REACH who="0" ten="289,211,250,220" step="2"/><U97/><E25/><V100/><F26/><W86/><G127/><T77/><D77/><U56/><E97/><V102/><F78/><W21/><G99/><T59/><D59/><U17/><E56/><V113/><F72/><W52/><G117/><T93/><D93/><U38/><E53/><V9/><F95/><W23/><G52/><T61/><D61/><U63/><E63/><V89/><F81/><W31/><G94/><T82/><D82/><U67/><E130/><V10/><F44/><W57/><G57/><T108/><D108/><U16/><E129/><V2/><F102/><W34/><G85/><T122/><D122/><U76/><E76/><V83/><F83/><W36/><G86/><T62/><D62/><U24/><E128/><V40/><F100/><W43/><G43/><T103/><D103/><U111/><E111/><V13/><F40/><W35/><G41/><T131/><D131/><U110/><E110/><V105/><F105/><W101/><G101/><T96/><D96/><U79/><E79/><V15/><F89/><W98/><G98/><RYUUKYOKU ba="2,3" sc="289,30,211,-10,250,-10,220,-10" hai0="1,6,8,14,19,65,66,80,84,87,90,91,92" /><INIT seed="0,3,3,2,1,66" ten="319,201,240,210" oya="0" hai0="72,76,75,102,21,22,57,49,80,104,31,85,52" hai1="23,130,134,59,115,56,84,95,30,106,55,74,54" hai2="83,69,103,26,127,13,42,45,24,99,37,123,90" hai3="8,96,79,61,71,101,62,29,47,122,129,4,44"/><T93/><D31/><U125/><E74/><V114/><F114/><W51/><G129/><T121/><D75/><U112/><E106/><V6/><F123/><W34/><G79/><T105/><D105/><U40/><E130/><V119/><F127/><W64/><G122/><T12/><D121/><U109/><E40/><V16/><F6/><W87/><G87/><T111/><D111/><U60/><E109/><V50/><F119/><W116/><G116/><T32/><D32/><U1/><E1/><V20/><F69/><W10/><G61/><T81/><D12/><U117/><E117/><V118/><F37/><W78/><G78/><T17/><D17/><U35/><E35/><V124/><F124/><W65/><G64/><T82/><D82/><U108/><E108/><V132/><F132/><W25/><G51/><T11/><D11/><U27/><E134/><V67/><F67/><W100/><G100/><T9/><D9/><U77/><E125/><V0/><F0/><W86/><G86/><T28/><D28/><U14/><E14/><V48/><F118/><W36/><G36/><T89/><D81/><N who="1" m="47151" /><E95/><N who="2" m="58879" /><F50/><W46/><REACH who="3" step="1"/><G4/><REACH who="3" ten="319,201,240,200" step="2"/><T7/><D7/><U131/><E131/><V91/><F83/><W110/><G110/><T58/><D58/><N who="1" m="22059" /><E60/><V98/><F98/><AGARI ba="3,4" hai="21,22,49,52,57,72,76,80,85,89,93,98,102,104" machi="98" ten="40,7700,0" yaku="24,2,54,1" doraHai="66" who="0" fromWho="2" sc="319,126,201,0,240,-86,200,0" /><INIT seed="0,4,0,1,4,39" ten="445,201,154,200" oya="0" hai0="69,43,34,71,11,28,90,62,97,55,45,49,1" hai1="128,24,122,99,29,83,40,105,102,84,104,120,129" hai2="7,21,60,74,118,22,52,89,85,44,103,23,68" hai3="2,115,56,37,131,41,65,59,121,50,15,106,86"/><T119/><D119/><U17/><E17/><V94/><F74/><W47/><G2/><T87/><D28/><U76/><E24/><V26/><F118/><W33/><G33/><T110/><D34/><U6/><E6/><V123/><F123/><N who="1" m="47145" /><E29/><V35/><F7/><W53/><G106/><T75/><D75/><U79/><E40/><V125/><F125/><W114/><G121/><T81/><D110/><U64/><E64/><V58/><F68/><W8/><G131/><N who="1" m="50250" /><E76/><V51/><F35/><W66/><G65/><T116/><D11/><U101/><E101/><V124/><F124/><W126/><G126/><T63/><D1/><U98/><E98/><V36/><F36/><W57/><G86/><T111/><D97/><U127/><E127/><V133/><F133/><W4/><REACH who="3" step="1"/><G66/><REACH who="3" ten="445,201,154,190" step="2"/><T13/><D116/><U88/><E79/><V96/><F26/><W12/><G12/><T0/><D13/><U5/><E5/><V32/><F32/><W77/><G77/><T67/><D0/><U95/><AGARI ba="4,1" hai="83,84,88,95,99,102,104,105" m="50250,47145" machi="95" ten="30,7900,0" yaku="19,1,34,2,54,1" doraHai="39" who="1" fromWho="1" sc="445,-43,201,101,154,-24,190,-24" /><INIT seed="1,0,0,4,4,1" ten="402,302,130,166" oya="1" hai0="8,16,69,4,90,6,94,21,12,26,129,47,35" hai1="121,33,89,74,130,80,57,106,67,52,30,70,76" hai2="78,117,32,53,97,119,28,128,92,116,88,0,82" hai3="105,111,114,56,109,45,37,22,48,100,132,49,127"/><U86/><E121/><V42/><F0/><W18/><G114/><T50/><D69/><U19/><E130/><V71/><F71/><W10/><G127/><T63/><D63/><U120/><E120/><V17/><F128/><W40/><G132/><T36/><D35/><U91/><E106/><V102/><F42/><W20/><G10/><T64/><D64/><U84/><E70/><V14/><F28/><W60/><G100/><T115/><D36/><U103/><E103/><V65/><F32/><W2/><G2/><T9/><D115/><U122/><E122/><V112/><F65/><W29/><G105/><T38/><D38/><U104/><E104/><V108/><F112/><W11/><G11/><N who="0" m="4171" /><D26/><U15/><E67/><V31/><F31/><W3/><G3/><T24/><D24/><U133/><E133/><V59/><F108/><N who="3" m="41547" /><G29/><T101/><D101/><U99/><E30/><V113/><F113/><W58/><G20/><T44/><D129/><U5/><E33/><V77/><F17/><W95/><G60/><T123/><D123/><U131/><E131/><V73/><F14/><N who="3" m="9559" /><G95/><T62/><D62/><U93/><E19/><V25/><F25/><W75/><G75/><T134/><D134/><U68/><E74/><V110/><F110/><W43/><G37/><T51/><D51/><N who="1" m="30879" /><E15/><V7/><F7/><N who="0" m="2602" /><D50/><U79/><E5/><V61/><REACH who="2" step="1"/><F73/><REACH who="2" ten="402,302,120,166" step="2"/><W83/><G40/><T72/><D72/><U118/><E68/><V54/><F54/><N who="3" m="31823" /><G58/><T96/><AGARI ba="0,1" hai="12,16,21,44,47,90,94,96" m="2602,4171" machi="96" ten="30,8000,1" yaku="8,1,52,3,54,1" doraHai="1" who="0" fromWho="0" sc="402,90,302,-40,120,-20,166,-20" /><INIT seed="2,0,0,3,2,122" ten="492,262,100,146" oya="2" hai0="25,36,129,112,60,98,117,7,92,86,19,87,68" hai1="127,24,97,116,15,111,128,62,100,133,0,106,9" hai2="109,20,10,28,75,126,33,95,132,69,11,113,61" hai3="41,46,121,90,130,49,110,16,84,58,1,123,59"/><V21/><F75/><W72/><G72/><T6/><D112/><U39/><E116/><V47/><F113/><W43/><G1/><T38/><D38/><U96/><E39/><V64/><F33/><W89/><G130/><T48/><D36/><U135/><E0/><V55/><F132/><W31/><G31/><T74/><D74/><U32/><E128/><V71/><F71/><W37/><G37/><T54/><D60/><U53/><E127/><V73/><F73/><W79/><G79/><T67/><D67/><U34/><E97/><V65/><F65/><W77/><G77/><T2/><D68/><U102/><E102/><V8/><F126/><W119/><G119/><T23/><D129/><U118/><E118/><V14/><F28/><W80/><G41/><T50/><D50/><U70/><E24/><V115/><F115/><W105/><G105/><T93/><D93/><U63/><E53/><V42/><F55/><W125/><G125/><T30/><D30/><U99/><E99/><V88/><F14/><W35/><G123/><T18/><D18/><U17/><E70/><V4/><F4/><N who="0" m="1578" /><D2/><U108/><E62/><V78/><F78/><W56/><G16/><T45/><D117/><U52/><E63/><V51/><REACH who="2" step="1"/><F109/><REACH who="2" ten="492,262,90,146" step="2"/><N who="1" m="42057" /><E52/><V22/><F22/><W104/><G110/><T76/><D76/><U107/><E106/><V134/><F134/><AGARI ba="0,1" hai="9,15,17,32,34,96,100,107,133,134,135" m="42057" machi="134" ten="30,8000,1" yaku="20,1,14,1,52,3" doraHai="122" who="1" fromWho="2" sc="492,0,262,90,90,-80,146,0" /><INIT seed="3,0,0,3,1,87" ten="492,352,10,146" oya="3" hai0="23,116,16,77,25,72,86,34,96,85,41,6,106" hai1="102,44,47,3,112,81,20,67,19,42,95,98,120" hai2="129,13,15,68,46,35,75,43,33,22,117,97,56" hai3="70,100,84,7,121,76,135,123,49,39,38,17,26"/><W113/><G113/><T74/><D34/><U130/><E120/><V73/><F68/><W94/><G70/><T18/><D6/><U93/><E112/><V29/><F117/><W124/><G7/><T21/><D41/><U1/><E130/><V36/><F129/><W8/><G135/><T40/><D40/><U118/><E118/><V104/><F33/><W82/><G124/><T105/><D86/><U131/><E131/><V51/><F35/><W115/><G115/><T134/><D134/><U53/><E67/><V45/><F56/><W27/><G38/><T114/><D116/><U55/><E81/><V60/><F60/><W24/><G39/><T91/><D77/><U78/><E78/><V79/><F29/><W128/><G128/><T101/><D106/><U111/><E111/><V14/><F22/><W88/><G100/><T48/><D48/><U107/><E3/><V126/><F79/><W52/><G8/><T83/><D114/><U89/><E1/><V37/><F126/><W90/><G17/><T110/><D110/><U132/><E107/><V92/><F104/><W4/><G4/><T63/><D63/><U30/><E30/><V122/><F122/><W125/><G125/><T61/><D61/><U69/><E69/><V108/><F108/><W12/><G12/><AGARI ba="0,0" hai="12,16,18,21,23,25,72,74,83,85,91,96,101,105" machi="12" ten="30,3900,0" yaku="7,1,52,1,54,1" doraHai="87" who="0" fromWho="3" sc="492,39,352,0,10,0,146,-39" /><INIT seed="4,0,0,3,2,22" ten="531,352,10,107" oya="0" hai0="3,125,25,95,88,31,8,76,65,124,47,51,10" hai1="120,122,37,70,115,101,116,90,126,135,114,91,36" hai2="107,43,68,72,39,14,5,61,62,119,7,55,117" hai3="112,99,123,83,64,24,130,77,30,133,60,103,84"/><T111/><D111/><U131/><E101/><V63/><F107/><W9/><G112/><N who="1" m="43050" /><E70/><V128/><F72/><W50/><G133/><T102/><D102/><U45/><E45/><N who="2" m="23807" /><F14/><W19/><G50/><T73/><D65/><U11/><E11/><V92/><F92/><W53/><G53/><T34/><D76/><U18/><E18/><V4/><F68/><W1/><G1/><T21/><D73/><U110/><E110/><V127/><F55/><W6/><G19/><T121/><D34/><U20/><E20/><V93/><F93/><W29/><G9/><T80/><D3/><U12/><E12/><V58/><F58/><W56/><G56/><T108/><D121/><U28/><E28/><V81/><F81/><W109/><G83/><T74/><D80/><U54/><E54/><V35/><F35/><W113/><G123/><N who="1" m="47146" /><E135/><V106/><F106/><W57/><G29/><T94/><D108/><U129/><E116/><N who="2" m="44619" /><F128/><N who="1" m="49225" /><E126/><AGARI ba="0,0" hai="4,5,7,61,62,63,126,127" m="44619,23807" machi="126" ten="40,1300,0" yaku="12,1" doraHai="22" who="2" fromWho="1" sc="531,0,352,-13,10,13,107,0" /><INIT seed="5,0,0,0,4,5" ten="531,339,23,107" oya="1" hai0="22,26,59,61,77,109,20,80,9,23,14,17,125" hai1="131,8,88,7,45,51,84,19,87,75,60,15,120" hai2="129,49,36,106,71,65,98,124,78,68,133,91,44" hai3="58,4,52,55,38,92,108,42,121,34,74,93,135"/><U27/><E75/><V110/><F110/><W103/><G108/><T116/><D125/><U102/><E120/><V67/><F124/><W11/><G74/><T12/><D12/><U21/><E131/><V18/><F129/><W2/><G34/><T1/><D1/><U123/><E123/><V122/><F122/><W47/><G121/><T134/><D134/><U117/><E117/><V50/><F36/><W115/><G115/><T96/><D96/><U16/><E60/><V130/><F130/><W30/><G30/><T100/><D100/><U104/><E104/><V126/><F126/><W10/><G135/><T81/><D116/><U24/><E102/><V28/><F28/><W43/><G43/><T29/><D109/><U90/><E27/><V64/><F78/><W99/><G58/><T107/><D107/><U73/><E73/><V40/><F133/><W85/><REACH who="3" step="1"/><G11/><REACH who="3" ten="531,339,23,97" step="2"/><T63/><D59/><U70/><E70/><V37/><F71/><W0/><G0/><T33/><D9/><U132/><E132/><V111/><F68/><W56/><G56/><T83/><D29/><U54/><E19/><V89/><F111/><W66/><G66/><T112/><D33/><U114/><REACH who="1" step="1"/><E114/><REACH who="1" ten="531,329,23,97" step="2"/><V76/><F18/><W41/><G41/><T48/><D17/><U25/><E25/><V128/><F128/><W32/><G32/><T127/><D26/><U97/><E97/><V101/><REACH who="2" step="1"/><F76/><REACH who="2" ten="531,329,13,97" step="2"/><W95/><G95/><T31/><D77/><U62/><E62/><V6/><F6/><W57/><G57/><T3/><D63/><U53/><E53/><V82/><F82/><RYUUKYOKU ba="0,3" sc="531,-30,329,10,13,10,97,10" hai1="7,8,15,16,21,24,45,51,54,84,87,88,90" hai2="37,40,44,49,50,64,65,67,89,91,98,101,106" hai3="2,4,10,38,42,47,52,55,85,92,93,99,103" /><INIT seed="5,1,3,3,2,59" ten="501,339,23,107" oya="1" hai0="48,92,29,118,49,52,85,81,1,3,106,5,123" hai1="112,133,7,41,79,98,86,36,39,23,0,126,28" hai2="115,113,71,130,47,76,60,37,56,22,88,116,70" hai3="103,51,33,90,73,69,25,26,42,108,91,96,77"/><U6/><E112/><N who="2" m="43083" /><F76/><W21/><G108/><T105/><D118/><U67/><E67/><N who="2" m="39303" /><F116/><W53/><G69/><N who="2" m="26121" /><F22/><W27/><G42/><T132/><D48/><U11/><E39/><V134/><F134/><W135/><G135/><T55/><D29/><U101/><E41/><N who="2" m="22959" /><F88/><N who="3" m="33835" /><G77/><T122/><D3/><U104/><E133/><V74/><F74/><W19/><G73/><T80/><D5/><U95/><E7/><V89/><F89/><W9/><G33/><T62/><D1/><U87/><E79/><V15/><F15/><N who="3" m="7663" /><G103/><T8/><D92/><U102/><E102/><V117/><F117/><W17/><G96/><T131/><D85/><U125/><E95/><V58/><F58/><AGARI ba="1,3" hai="17,21,25,26,27,51,53,58" m="7663,33835" machi="58" ten="30,2000,0" yaku="8,1,54,1" doraHai="59" who="3" fromWho="2" sc="501,0,339,0,23,-23,107,53" /><INIT seed="6,0,0,4,1,50" ten="501,339,0,160" oya="2" hai0="100,57,88,97,45,14,37,26,28,0,60,85,58" hai1="87,10,101,23,8,133,77,123,47,130,39,112,22" hai2="15,128,81,63,36,55,51,105,66,64,102,118,21" hai3="32,115,135,24,11,17,65,91,62,40,122,73,7"/><V13/><F36/><W96/><G122/><T1/><D58/><U114/><E123/><V125/><F118/><W129/><G73/><T29/><D29/><U84/><E133/><V61/><F105/><W16/><G40/><T71/><D14/><N who="2" m="5130" /><F102/><W116/><G135/><T42/><D71/><U27/><E130/><V103/><F103/><W132/><G129/><T52/><D97/><U124/><E101/><V113/><F128/><W72/><G72/><T82/><D100/><U2/><E2/><V78/><F113/><W46/><G115/><T59/><D59/><U92/><E39/><V75/><F125/><W110/><G116/><T34/><AGARI ba="0,0" hai="0,1,26,28,34,37,42,45,52,57,60,82,85,88" machi="34" ten="20,8000,1" yaku="0,1,7,1,52,1,54,2" doraHai="50" who="0" fromWho="0" sc="501,80,339,-20,0,-40,160,-20" owari="581,68.0,319,12.0,-40,-54.0,140,-26.0" /></mjloggm>