<mjloggm ver="2.3"><GO type="185" lobby="0"/><UN n0="%47%45%52%57%45%4E" n1="%E2%98%86%E3%83%97%E3%83%A9%E3%83%81%E3%83%8A" n2="%E3%81%9F%E3%82%93%E3%82%86%E3%81%86" n3="" dan="16,16,17,0" rate="2317.07,2209.63,2284.63,1500.00" sx="M,M,F,C"/><TAIKYOKU oya="0"/><INIT seed="0,0,0,0,4,107" ten="350,350,350,0" oya="0" hai0="89,82,56,133,131,44,127,51,121,108,66,72,122" hai1="106,2,54,92,95,83,43,65,128,115,130,114,32" hai2="47,96,59,118,50,129,68,120,111,94,101,124,74" hai3=""/><T88/><D88/><U35/><BYE who="0" /><E2/><UN n0="%47%45%52%57%45%4E" /><V99/><N who="2" m="30752" /><V46/><F68/><T34/><N who="0" m="31008" /><T119/><N who="0" m="31264" /><T91/><D119/><U3/><E3/><V37/><F118/><T40/><D34/><N who="1" m="12843" /><E65/><V0/><F0/><T63/><D127/><U87/><E106/><V110/><F124/><T71/><D133/><U73/><E54/><V103/><F59/><T64/><D131/><N who="1" m="50219" /><E43/><V100/><F129/><T70/><D66/><U55/><E55/><V112/><F101/><T117/><D117/><U135/><E135/><V79/><F94/><N who="1" m="35881" /><E73/><V93/><F93/><T49/><D71/><U123/><N who="1" m="31520" /><U86/><E83/><V39/><F50/><T53/><REACH who="0" step="1"/><D108/><REACH who="0" ten="340,350,350,0" step="2"/><U98/><E98/><V60/><F110/><T33/><D33/><U62/><E62/><V36/><F111/><T90/><D90/><U48/><E48/><V77/><F60/><T84/><D84/><AGARI ba="0,1" hai="84,86,87,114,115" m="31520,35881,50219,12843" machi="84" ten="40,8000,1" yaku="28,2,19,1,52,1" doraHai="107" who="1" fromWho="0" sc="340,-80,350,90,350,0,0,0" /><INIT seed="1,0,0,1,1,111" ten="260,440,350,0" oya="1" hai0="80,64,129,73,61,85,105,43,71,97,82,108,118" hai1="114,57,96,33,40,110,35,87,79,69,124,76,60" hai2="94,77,70,95,50,42,115,119,81,55,127,49,63" hai3=""/><U121/><N who="1" m="31008" /><U34/><E124/><V58/><F119/><T126/><D108/><U100/><E110/><V132/><F127/><T47/><D126/><U90/><E69/><V2/><F2/><T46/><D129/><U106/><E40/><V36/><F132/><T38/><D118/><U1/><E1/><V54/><F36/><T133/><D133/><U48/><E48/><V53/><F42/><T72/><D47/><U98/><E98/><V62/><F70/><T112/><D112/><U113/><E79/><V102/><F63/><T83/><REACH who="0" step="1"/><D85/><REACH who="0" ten="250,440,350,0" step="2"/><U107/><E76/><V88/><F115/><T67/><D67/><U120/><N who="1" m="30752" /><U44/><E44/><V75/><F62/><T125/><D125/><U128/><E128/><V89/><F58/><T103/><AGARI ba="0,1" hai="38,43,46,61,64,71,72,73,80,82,83,97,103,105" machi="103" ten="30,1500,0" yaku="1,1,0,1,53,0" doraHai="111" doraHaiUra="74" who="0" fromWho="0" sc="250,25,440,-10,350,-5,0,0" /><INIT seed="2,0,0,3,3,83" ten="275,430,345,0" oya="2" hai0="49,73,131,75,106,69,111,45,42,50,103,121,129" hai1="79,114,97,104,93,126,72,41,58,51,62,115,48" hai2="60,91,39,135,133,134,38,34,59,74,64,71,84" hai3=""/><V44/><F34/><T99/><N who="0" m="31008" /><T116/><D111/><U3/><E104/><V67/><F74/><T1/><D1/><U2/><E126/><V68/><F91/><T119/><D69/><N who="2" m="26698" /><F84/><T120/><N who="0" m="30752" /><T46/><D75/><U33/><E33/><V123/><N who="2" m="31520" /><V55/><F44/><T37/><D37/><AGARI ba="0,0" hai="37,38,39,55,59,60,64,67,133,134,135" m="31520,26698" machi="37" ten="40,12000,1" yaku="20,1,34,2,52,1" doraHai="83" who="2" fromWho="0" sc="275,-120,430,0,345,120,0,0" /><INIT seed="2,1,0,2,0,105" ten="155,430,465,0" oya="2" hai0="50,95,107,134,99,82,60,88,65,33,112,36,89" hai1="76,102,59,73,81,90,72,77,32,117,56,101,108" hai2="121,94,66,75,55,40,106,68,83,35,129,100,78" hai3=""/><V110/><N who="2" m="31008" /><V62/><F35/><T123/><N who="0" m="31520" /><T34/><D36/><U42/><E32/><V38/><F129/><T131/><D131/><U97/><E108/><V115/><F115/><T3/><D3/><U127/><E127/><V37/><F110/><T116/><D116/><U85/><E117/><V69/><F69/><T51/><D134/><U48/><E102/><V74/><F106/><T130/><D130/><U91/><E91/><V45/><F38/><T135/><D135/><U103/><E103/><V0/><F0/><T54/><D112/><U118/><E118/><V80/><F55/><T67/><D107/><U52/><E59/><V125/><F125/><T2/><D2/><U63/><E63/><V119/><F119/><T44/><D51/><U43/><E77/><V84/><REACH who="2" step="1"/><F80/><REACH who="2" ten="155,430,455,0" step="2"/><T109/><D109/><U133/><E133/><V61/><F61/><T120/><N who="0" m="30752" /><T113/><D113/><U58/><E42/><V79/><F79/><T87/><D67/><U39/><E76/><V53/><F53/><T93/><D82/><U132/><E132/><V71/><F71/><AGARI ba="1,1" hai="33,34,44,50,54,60,65,71,87,88,89,93,95,99" m="30752,31520" machi="71" ten="30,7700,0" yaku="7,1,52,2,54,1" doraHai="105" who="0" fromWho="2" sc="155,89,430,0,455,-79,0,0" /><INIT seed="4,0,0,2,2,85" ten="244,430,376,0" oya="0" hai0="128,114,89,117,47,135,76,79,125,106,48,116,51" hai1="132,119,43,112,100,32,87,49,53,61,38,118,68" hai2="58,75,133,41,121,113,34,55,36,129,44,46,110" hai3=""/><T134/><D106/><U59/><E32/><V122/><N who="2" m="31008" /><V109/><N who="2" m="31264" /><V84/><F34/><T33/><D33/><U1/><E1/><V103/><F75/><T81/><D114/><U37/><E100/><V35/><F35/><T115/><D115/><U104/><E104/><V70/><F113/><T64/><D125/><U82/><E112/><V57/><F103/><T71/><D128/><U90/><E132/><N who="0" m="50729" /><D51/><U52/><E43/><V67/><F84/><T50/><D50/><U66/><REACH who="1" step="1"/><E53/><REACH who="1" ten="244,420,376,0" step="2"/><V105/><F105/><T80/><D116/><AGARI ba="0,1" hai="37,38,49,52,59,61,66,68,82,87,90,116,118,119" machi="116" ten="40,8000,1" yaku="1,1,2,1,52,1,54,1,53,0" doraHai="85" doraHaiUra="123" who="1" fromWho="0" sc="244,-80,420,90,376,0,0,0" /><INIT seed="5,0,0,5,1,130" ten="164,510,376,0" oya="1" hai0="49,112,98,121,68,43,118,107,83,58,47,69,67" hai1="128,110,53,32,59,86,102,109,48,134,89,0,117" hai2="62,123,34,77,61,45,88,91,97,100,87,106,79" hai3=""/><U52/><E117/><V127/><N who="2" m="31520" /><V108/><F34/><T55/><N who="0" m="31008" /><T39/><D112/><U75/><E75/><V90/><F108/><N who="1" m="41577" /><E0/><V51/><F127/><T101/><D69/><U131/><E32/><V105/><F105/><T132/><D132/><U46/><E102/><V80/><REACH who="2" step="1"/><F79/><REACH who="2" ten="164,510,366,0" step="2"/><T114/><D114/><U63/><E134/><V72/><F72/><T40/><D118/><U44/><E44/><V36/><F36/><T1/><D1/><U82/><AGARI ba="0,1" hai="46,48,52,53,59,63,82,86,89,128,131" m="41577" machi="82" ten="30,2000,0" yaku="10,1,54,1" doraHai="130" who="1" fromWho="1" sc="164,-10,510,30,366,-10,0,0" /><INIT seed="5,1,0,3,1,95" ten="154,540,356,0" oya="1" hai0="135,45,78,77,111,102,105,80,107,131,120,113,92" hai1="83,108,68,112,36,58,54,75,82,49,57,116,1" hai2="100,88,59,119,128,69,42,110,35,34,104,124,60" hai3=""/><U51/><E1/><V133/><F119/><T39/><N who="0" m="30752" /><T123/><N who="0" m="31520" /><T121/><N who="0" m="31008" /><T38/><D111/><U86/><E116/><V89/><F110/><T134/><D113/><U99/><E108/><V79/><F69/><T130/><D92/><U84/><E68/><V40/><F79/><T91/><D91/><U90/><E75/><V115/><F115/><T114/><D114/><U48/><E36/><N who="0" m="13865" /><D45/><U52/><E112/><V0/><F0/><T47/><D47/><U32/><E32/><V46/><F46/><T106/><D102/><U43/><E43/><V132/><F100/><T53/><D53/><U127/><E54/><V74/><F35/><T85/><D78/><U62/><E83/><V126/><F34/><T71/><D71/><U2/><E82/><V66/><F59/><T63/><D63/><U44/><E58/><V61/><F66/><T129/><AGARI ba="1,0" hai="77,80,85,105,106,107,129,130,131,134,135" m="13865,31008,31520,30752" machi="129" ten="50,6000,1" yaku="19,1,52,3" doraHai="95" who="0" fromWho="0" sc="154,62,540,-41,356,-21,0,0" /><INIT seed="6,0,0,3,5,91" ten="216,499,335,0" oya="2" hai0="86,87,40,124,75,81,50,62,58,100,71,125,103" hai1="90,122,107,110,111,88,102,112,2,115,70,72,80" hai2="63,99,1,49,59,61,116,44,51,77,52,55,121" hai3=""/><V54/><N who="2" m="31008" /><V129/><F1/><T98/><D71/><U33/><N who="1" m="31264" /><U97/><E70/><V109/><F116/><T68/><D68/><U34/><E2/><V43/><F77/><T46/><D75/><U83/><E34/><V41/><F99/><T35/><D35/><U118/><E118/><V57/><F109/><N who="1" m="41481" /><E33/><V127/><F127/><T94/><D103/><U78/><E83/><V36/><F129/><T82/><D86/><U131/><E131/><V135/><F135/><T92/><D81/><U106/><E106/><V37/><F44/><T123/><N who="0" m="31520" /><T134/><D134/><U130/><E130/><V128/><F128/><T119/><D119/><U66/><E66/><V56/><F61/><T84/><D84/><U64/><E64/><V76/><F76/><T105/><D124/><U60/><E60/><V42/><AGARI ba="0,0" hai="36,37,41,42,43,49,51,52,54,55,56,57,59,63" m="31008" machi="42" ten="30,16000,3" yaku="0,1,9,1,35,6,52,1,54,1" doraHai="91" who="2" fromWho="2" sc="216,-80,499,-80,335,160,0,0" owari="136,-46.0,419,2.0,495,44.0,0,0.0" /></mjloggm>