<mjloggm ver="2.3"><GO type="169" lobby="0"/><UN n0="%E3%82%80%E3%81%8D%E3%81%A3%E3%81%A1" n1="%E9%87%8E%E7%8D%A3%E5%85%88%E8%BC%A9" n2="%79%6F%73%68%69%35%32" n3="%E5%84%84%E4%B8%87%E7%AC%91%E8%80%85" dan="16,17,16,16" rate="2118.14,2203.88,2105.95,2090.59" sx="M,F,M,M"/><TAIKYOKU oya="0"/><INIT seed="0,0,0,4,2,56" ten="250,250,250,250" oya="0" hai0="66,111,87,131,116,69,128,71,43,64,21,41,29" hai1="28,18,48,95,5,115,51,125,135,75,72,60,89" hai2="6,104,84,127,96,2,55,90,99,45,101,122,103" hai3="134,123,108,53,11,106,7,46,67,118,14,70,117"/><T25/><D87/><U81/><E135/><V133/><F133/><W39/><G134/><T1/><D1/><U132/><E132/><V100/><F127/><W86/><G108/><T126/><D116/><U76/><E125/><V38/><F122/><W74/><G74/><T22/><D126/><U30/><E72/><V47/><F103/><W88/><G123/><T85/><D85/><U110/><E110/><V20/><F20/><N who="0" m="7786" /><D25/><U129/><E129/><N who="0" m="49737" /><D29/><U124/><E124/><V59/><F38/><W73/><G106/><T98/><D98/><U40/><E28/><V130/><F130/><W36/><G73/><T34/><D34/><U92/><E30/><V24/><F24/><W97/><G97/><T80/><D80/><U54/><E81/><V120/><F120/><W107/><G107/><T26/><D26/><U19/><E75/><V3/><F3/><W32/><G32/><T13/><D13/><U17/><E17/><V68/><F101/><W0/><G0/><T102/><D102/><U121/><E18/><V82/><F99/><W23/><G23/><T16/><D16/><U79/><E19/><V49/><F2/><W93/><G39/><T109/><D109/><U37/><E37/><V77/><F6/><W10/><G10/><T63/><D111/><U57/><E5/><V4/><F4/><W105/><G105/><T15/><D15/><U35/><E35/><V42/><F68/><W61/><G36/><T8/><D8/><U33/><E33/><V65/><F77/><W52/><G53/><T94/><D94/><U114/><E95/><V27/><F27/><RYUUKYOKU ba="0,0" sc="250,15,250,-15,250,-15,250,15" hai0="41,43,63,64,66,69,71" hai3="7,11,14,46,52,61,67,70,86,88,93,117,118" /><INIT seed="0,1,0,1,3,87" ten="265,235,235,265" oya="0" hai0="3,126,17,40,25,61,110,135,71,105,78,62,76" hai1="79,111,64,48,100,54,15,26,18,109,84,85,33" hai2="132,69,97,101,11,122,114,121,20,128,39,13,9" hai3="8,16,72,14,37,124,104,6,75,89,34,57,86"/><T103/><D3/><U21/><E64/><V56/><F69/><W112/><G112/><T32/><D126/><U5/><E100/><V46/><F114/><W74/><G37/><T41/><D135/><U66/><E66/><V77/><F132/><W96/><G124/><T117/><D117/><U90/><E79/><V12/><F77/><W81/><G34/><T58/><D71/><U24/><E5/><V43/><F128/><W125/><G125/><T88/><D105/><U127/><E127/><V53/><F20/><W47/><G57/><T2/><D2/><U19/><E33/><V63/><F12/><W134/><G134/><T31/><D103/><U106/><E106/><V45/><F45/><W60/><G60/><T38/><D110/><N who="1" m="41995" /><E18/><V95/><REACH who="2" step="1"/><F9/><REACH who="2" ten="265,235,225,265" step="2"/><W83/><G47/><T29/><D32/><U130/><E130/><V28/><F28/><W49/><G75/><T94/><D31/><U65/><E15/><V59/><F59/><W120/><G74/><T92/><D29/><U108/><E21/><V116/><F116/><W119/><G119/><T10/><D10/><U131/><E131/><V27/><F27/><W107/><G72/><T115/><D115/><U4/><E24/><V93/><F93/><W1/><G104/><T67/><D94/><U44/><E26/><V129/><F129/><W82/><G107/><T80/><D92/><U123/><E108/><V73/><F73/><W30/><G30/><T35/><D35/><U102/><E44/><V0/><F0/><W99/><G1/><T91/><D25/><U52/><E123/><V68/><F68/><RYUUKYOKU ba="1,1" sc="265,-10,235,-10,225,30,265,-10" hai2="11,13,39,43,46,53,56,63,95,97,101,121,122" /><INIT seed="1,2,1,0,5,133" ten="255,225,255,255" oya="1" hai0="39,7,32,78,102,29,84,113,94,89,130,59,125" hai1="23,100,97,37,65,81,75,30,53,2,73,12,62" hai2="74,49,35,46,119,48,110,11,68,123,34,21,36" hai3="69,13,66,111,67,92,9,118,87,106,72,132,47"/><U104/><E2/><V79/><F119/><W1/><G106/><T56/><D113/><U124/><E37/><V54/><F110/><W33/><G1/><T126/><D39/><U45/><E124/><N who="0" m="47721" /><D130/><U116/><E116/><V98/><F68/><W24/><G72/><T95/><D7/><U76/><E45/><V6/><F98/><W50/><G118/><T52/><D78/><U96/><E53/><V101/><F21/><W85/><G111/><T134/><D134/><U26/><E96/><V3/><F101/><W19/><G132/><T16/><D16/><U112/><E12/><V129/><F123/><W121/><G121/><T25/><D52/><U80/><E112/><V88/><F129/><W41/><G24/><T27/><D27/><U91/><E91/><V17/><F17/><W42/><G42/><T114/><D114/><U120/><E120/><V51/><F54/><W83/><G33/><T60/><D60/><U71/><REACH who="1" step="1"/><E81/><REACH who="1" ten="255,215,255,255" step="2"/><N who="2" m="45303" /><F88/><W107/><G83/><T82/><D82/><U8/><E8/><V20/><F20/><W86/><G9/><T63/><D63/><U18/><E18/><V131/><F131/><W22/><G19/><T10/><D10/><U77/><E77/><V64/><F64/><W57/><G22/><T31/><D31/><U70/><E70/><V90/><F90/><W43/><G69/><T128/><D128/><U115/><E115/><V109/><F109/><W93/><G66/><T58/><D102/><U14/><E14/><V61/><F61/><W28/><G67/><T108/><D108/><U4/><E4/><V44/><F36/><RYUUKYOKU ba="2,2" sc="255,10,215,10,255,10,255,-30" hai0="25,29,32,56,58,59,84,89,94,95" hai1="23,26,30,62,65,71,73,75,76,80,97,100,104" hai2="3,6,11,34,35,44,46,48,49,51" /><INIT seed="1,3,2,3,5,60" ten="265,225,265,225" oya="1" hai0="20,35,58,106,83,2,30,112,54,39,84,37,4" hai1="110,44,7,72,47,41,15,130,120,113,126,6,134" hai2="119,59,26,62,129,57,93,40,108,122,128,92,27" hai3="109,33,16,87,0,88,64,51,127,55,8,135,77"/><U50/><E113/><V96/><F119/><W29/><G109/><T28/><D112/><U46/><E120/><V104/><F108/><W42/><G127/><T74/><D35/><U68/><E110/><V13/><F122/><W111/><G111/><T65/><D106/><U52/><E68/><V3/><F3/><W103/><G135/><T81/><D74/><U94/><E130/><N who="2" m="50283" /><F40/><W49/><G103/><T117/><D117/><U131/><E72/><V82/><F82/><W114/><G114/><T18/><D2/><U31/><E134/><V73/><F73/><W86/><G29/><N who="0" m="11371" /><D39/><U75/><E75/><V115/><F115/><W80/><G33/><T9/><D37/><U22/><E131/><V90/><F13/><N who="3" m="7207" /><G0/><T32/><D32/><U95/><E126/><V133/><F104/><W1/><G1/><T132/><D132/><U61/><E61/><V24/><F133/><W71/><G71/><T99/><D99/><U67/><E15/><V76/><F76/><W124/><G124/><T102/><D102/><U79/><E79/><V121/><F121/><W123/><G123/><T45/><D4/><U36/><E6/><V100/><F62/><W12/><G42/><T23/><D9/><U43/><E7/><V98/><AGARI ba="3,2" hai="24,26,27,57,59,90,92,93,96,98,100" m="50283" machi="98" ten="40,1500,0" yaku="19,1" doraHai="60" who="2" fromWho="2" sc="265,-7,225,-10,265,44,225,-7" /><INIT seed="2,0,0,4,2,131" ten="258,215,309,218" oya="2" hai0="72,35,105,76,109,19,66,42,64,134,26,107,108" hai1="122,84,54,22,6,93,20,55,10,106,31,63,82" hai2="78,123,113,103,44,118,81,17,28,57,80,77,112" hai3="32,111,11,129,4,29,99,92,38,41,60,13,75"/><V33/><F118/><W16/><G75/><T45/><D76/><U48/><E106/><N who="0" m="40457" /><D72/><U94/><E122/><V121/><F44/><W40/><G111/><N who="0" m="42571" /><D134/><U25/><E22/><V79/><F57/><W49/><G129/><T73/><D73/><U117/><E63/><V90/><F17/><W98/><G38/><N who="0" m="21719" /><D19/><U47/><E55/><V101/><F28/><AGARI ba="0,0" hai="26,28,35,64,66" m="21719,42571,40457" machi="28" ten="30,1000,0" yaku="14,1" doraHai="131" who="0" fromWho="2" sc="258,10,215,0,309,-10,218,0" /><INIT seed="3,0,0,0,4,131" ten="268,215,299,218" oya="3" hai0="30,31,35,63,70,77,87,2,47,85,48,10,107" hai1="78,91,32,69,54,119,7,49,53,68,128,113,9" hai2="126,42,43,124,20,45,18,122,133,86,16,109,24" hai3="88,96,100,93,101,17,114,112,120,74,37,1,19"/><W72/><G37/><T25/><D107/><U95/><E113/><N who="3" m="43626" /><G1/><T104/><D104/><U73/><E32/><V117/><F109/><W39/><G39/><T66/><D77/><U36/><E36/><V106/><F117/><W8/><G8/><T115/><D115/><U111/><E111/><V15/><F122/><W4/><G4/><T97/><D97/><U65/><E128/><V14/><F106/><W22/><G22/><T132/><D31/><U125/><E125/><N who="2" m="48235" /><F86/><W99/><G19/><T27/><D27/><U105/><E105/><V82/><F82/><W28/><G17/><T3/><D3/><U33/><E33/><V89/><F89/><N who="3" m="55343" /><G28/><T123/><D123/><U46/><E65/><V13/><F45/><W44/><G44/><T94/><D2/><U127/><E119/><V52/><F52/><W29/><G29/><T6/><D47/><U129/><E54/><V38/><F38/><W76/><G120/><T71/><D48/><U41/><E53/><V83/><F18/><W75/><G76/><T21/><D6/><U5/><E129/><V58/><F58/><W0/><G0/><T84/><D71/><N who="1" m="27211" /><E9/><V60/><F20/><W108/><G108/><T103/><D21/><U90/><E78/><V64/><F43/><W134/><G134/><T34/><D132/><U51/><E7/><V135/><F42/><W118/><G118/><T62/><D70/><U80/><E5/><V110/><F110/><W59/><G59/><T67/><D30/><U121/><E121/><V81/><F64/><W92/><AGARI ba="0,0" hai="72,74,75,88,92,99,100,101" m="55343,43626" machi="92" ten="40,7800,0" yaku="34,2,54,1" doraHai="131" who="3" fromWho="3" sc="268,-26,215,-26,299,-26,218,78" /><INIT seed="3,1,0,3,1,28" ten="242,189,273,296" oya="3" hai0="10,2,91,0,93,128,106,36,113,100,69,111,84" hai1="20,66,131,67,14,62,22,12,9,68,134,87,133" hai2="45,105,114,130,33,102,38,123,56,25,124,82,103" hai3="95,89,80,51,34,117,46,110,92,54,48,11,96"/><W88/><G117/><T108/><D36/><U72/><E72/><V81/><F114/><W5/><G110/><N who="0" m="42027" /><D69/><U107/><E107/><V35/><F56/><W40/><G80/><T127/><D127/><U21/><E131/><V90/><F124/><W76/><G76/><T97/><D128/><U24/><E67/><V129/><F25/><W18/><G18/><T19/><D113/><U118/><E118/><V78/><F90/><W7/><G34/><T61/><D61/><U43/><E43/><V3/><F45/><W17/><G17/><T16/><D2/><U52/><E24/><V104/><F38/><W73/><G73/><T116/><D116/><U27/><E27/><V126/><F126/><W75/><G75/><T99/><D99/><U98/><E98/><V135/><F78/><W132/><G132/><N who="1" m="50794" /><E87/><V31/><F135/><W4/><G11/><T101/><D101/><U125/><E125/><V42/><F42/><W122/><G122/><T121/><D121/><U77/><E77/><V15/><F15/><W29/><G29/><T1/><D1/><U53/><E12/><V39/><F39/><W30/><G30/><T120/><D120/><U41/><E41/><V60/><F31/><W119/><G119/><T109/><N who="0" m="42035" /><T50/><DORA hai="37" /><D50/><U55/><E55/><V57/><F123/><W49/><G54/><T64/><D64/><U32/><E32/><V26/><F26/><W74/><G74/><T47/><D47/><U58/><E68/><V79/><F3/><W83/><G83/><T112/><D112/><U85/><E85/><AGARI ba="1,0" hai="4,5,7,40,46,48,49,51,85,88,89,92,95,96" machi="85" ten="40,7700,0" yaku="8,1,52,1,54,1" doraHai="28,37" who="3" fromWho="1" sc="242,0,189,-80,273,0,296,80" /><INIT seed="3,2,0,5,1,56" ten="242,109,273,376" oya="3" hai0="122,133,38,111,12,29,108,98,132,52,44,33,9" hai1="109,83,130,11,77,35,53,113,66,87,129,5,15" hai2="72,94,85,60,91,0,88,58,79,23,27,131,61" hai3="48,19,123,125,95,69,84,31,92,22,128,102,55"/><W14/><G123/><T86/><D122/><U73/><E113/><V57/><F0/><W134/><G69/><T41/><D86/><U34/><E109/><N who="0" m="42057" /><D98/><U26/><E73/><V99/><F72/><W36/><G36/><T49/><D29/><U25/><E66/><V105/><F105/><W62/><G125/><T106/><D33/><U104/><E104/><V81/><F131/><N who="1" m="50185" /><E53/><N who="2" m="33839" /><F27/><AGARI ba="2,0" hai="5,11,15,25,26,27,34,35,77,83,87" m="50185" machi="27" ten="30,1000,0" yaku="19,1" doraHai="56" who="1" fromWho="2" sc="242,0,109,16,273,-16,376,0" /><INIT seed="4,0,0,1,5,75" ten="242,125,257,376" oya="0" hai0="21,87,59,17,89,37,74,103,5,70,99,93,23" hai1="115,46,9,8,71,40,100,135,123,39,125,105,69" hai2="98,114,86,36,117,83,1,48,63,110,120,65,112" hai3="31,34,11,133,68,127,78,15,85,122,95,54,16"/><T101/><D70/><U91/><E123/><V6/><F110/><W26/><G68/><T73/><D37/><U118/><E118/><V129/><F36/><W44/><G122/><T35/><D35/><U56/><E135/><V134/><F120/><W38/><G133/><T84/><D5/><U29/><E125/><V90/><F134/><W50/><G127/><T60/><D74/><U116/><E116/><V66/><F129/><W3/><G38/><T53/><D73/><U97/><E115/><N who="2" m="44075" /><F117/><W7/><G95/><T12/><REACH who="0" step="1"/><D23/><REACH who="0" ten="232,125,257,376" step="2"/><U104/><E71/><V107/><F6/><W55/><G7/><T88/><D88/><U77/><E69/><V52/><F1/><W58/><G3/><T10/><D10/><U62/><E8/><V4/><F4/><W51/><G78/><T76/><D76/><U79/><E9/><V57/><F63/><W49/><G34/><T25/><D25/><U121/><E121/><V94/><F107/><W64/><G26/><T126/><D126/><U30/><E105/><V130/><F130/><W132/><G132/><T80/><D80/><U19/><E91/><AGARI ba="0,1" hai="48,52,57,65,66,83,86,90,91,94,98" m="44075" machi="91" ten="30,2000,0" yaku="15,1,54,1" doraHai="75" who="2" fromWho="1" sc="232,0,125,-20,257,30,376,0" /><INIT seed="5,0,0,5,0,62" ten="232,105,287,376" oya="1" hai0="41,44,98,132,20,60,12,131,119,116,21,133,4" hai1="24,97,9,128,127,34,109,113,83,28,88,100,111" hai2="66,96,91,48,51,42,32,114,10,86,82,30,17" hai3="69,35,39,57,23,8,89,67,123,19,6,78,117"/><U54/><E113/><V90/><F32/><W37/><G123/><T26/><D131/><U15/><E128/><V71/><F30/><W79/><G117/><T68/><D98/><U124/><E54/><V75/><F75/><W77/><G69/><T58/><D68/><U76/><E88/><V25/><F71/><W94/><G35/><T101/><D101/><U72/><E9/><V135/><F66/><W65/><G39/><T121/><D121/><U18/><E18/><V14/><F135/><N who="0" m="51786" /><D12/><U16/><E15/><V125/><F125/><W47/><G37/><N who="0" m="21551" /><D4/><U61/><E16/><V129/><F129/><W120/><G120/><T36/><D36/><U40/><E61/><V53/><F25/><W73/><G73/><T81/><D81/><U104/><REACH who="1" step="1"/><E40/><REACH who="1" ten="232,95,287,376" step="2"/><V108/><F42/><W0/><G19/><N who="0" m="12575" /><D21/><U126/><AGARI ba="0,1" hai="24,28,34,72,76,83,97,100,104,109,111,124,126,127" machi="126" ten="40,12000,1" yaku="1,1,0,1,18,1,23,2,53,0" doraHai="62" doraHaiUra="5" who="1" fromWho="1" sc="232,-40,95,130,287,-40,376,-40" /><INIT seed="5,1,0,4,4,86" ten="192,225,247,336" oya="1" hai0="129,133,113,21,102,9,22,98,46,101,26,58,83" hai1="42,64,31,85,124,77,123,131,32,19,91,11,38" hai2="56,50,68,84,108,121,20,8,73,71,79,52,103" hai3="80,25,33,127,28,23,78,106,15,66,30,4,126"/><U76/><E123/><V61/><F121/><W118/><G106/><T47/><D113/><U53/><E64/><V60/><F73/><W45/><G118/><T97/><D129/><U100/><E100/><N who="0" m="38505" /><D133/><U2/><E32/><V104/><F108/><W88/><G66/><T55/><D9/><U107/><E31/><V48/><F104/><W59/><G59/><T13/><D13/><U125/><E107/><V134/><F103/><W62/><G62/><N who="2" m="24169" /><F71/><W16/><G4/><T120/><D120/><U89/><E53/><V74/><F74/><W82/><G45/><N who="0" m="16907" /><D83/><U72/><E42/><V90/><F79/><W34/><G78/><T43/><D43/><U116/><E38/><V114/><F114/><W24/><G80/><T65/><D65/><U119/><E72/><V132/><F68/><W96/><G82/><T111/><D111/><U130/><E11/><V41/><F8/><W35/><G35/><T29/><D22/><U6/><E2/><V110/><F110/><W122/><G122/><T95/><D95/><AGARI ba="1,0" hai="15,16,23,24,25,28,30,33,34,88,95,96,126,127" machi="95" ten="40,8000,1" yaku="9,1,52,1,54,2" doraHai="86" who="3" fromWho="0" sc="192,-83,225,0,247,0,336,83" /><INIT seed="6,0,0,3,2,13" ten="109,225,247,419" oya="2" hai0="100,85,83,2,81,29,99,82,94,76,72,68,46" hai1="113,80,134,98,35,5,45,31,3,26,24,50,9" hai2="128,17,49,129,107,122,30,101,109,117,127,131,132" hai3="71,73,0,7,92,38,135,52,10,133,124,90,63"/><V104/><F30/><W96/><G73/><T14/><D2/><U59/><E113/><V51/><F122/><W21/><G38/><T19/><D68/><U6/><E134/><N who="3" m="51210" /><G124/><T42/><D29/><U89/><E6/><V66/><F132/><W74/><G74/><T23/><REACH who="0" step="1"/><D72/><REACH who="0" ten="99,225,247,419" step="2"/><U125/><E31/><V11/><F127/><W18/><G71/><T41/><D41/><U91/><E3/><V43/><F43/><W121/><G121/><T103/><D103/><U69/><E69/><V62/><F101/><W105/><G105/><N who="2" m="40521" /><F117/><W123/><G123/><T65/><D65/><U57/><E125/><V25/><F109/><W119/><G119/><T70/><D70/><U108/><E108/><V12/><F25/><N who="3" m="14519" /><G63/><T15/><D15/><U32/><E24/><V102/><F102/><W126/><G126/><T116/><D116/><U130/><E26/><V97/><F66/><W95/><G52/><T118/><D118/><U75/><E75/><V8/><F62/><W48/><G0/><T54/><D54/><U56/><E35/><V34/><F34/><W120/><G120/><T78/><D78/><U106/><E32/><V61/><F61/><W67/><G67/><T55/><D55/><U84/><E106/><V79/><F79/><W110/><G110/><T47/><D47/><U93/><E45/><V64/><F64/><W36/><G90/><T114/><D114/><U27/><E27/><V115/><F115/><W112/><G112/><T44/><D44/><U28/><E28/><V40/><F40/><W16/><G48/><AGARI ba="0,1" hai="14,19,23,42,46,48,76,81,82,83,85,94,99,100" machi="48" ten="30,7700,0" yaku="1,1,7,1,8,1,52,1,53,0" doraHai="13" doraHaiUra="1" who="0" fromWho="3" sc="99,87,225,0,247,0,419,-77" /><INIT seed="7,0,0,3,5,108" ten="186,225,247,342" oya="3" hai0="38,65,43,10,34,95,3,44,52,1,35,20,7" hai1="112,46,106,77,28,68,50,31,117,89,26,22,4" hai2="114,61,98,85,109,105,37,88,110,121,107,23,116" hai3="25,24,45,48,27,41,40,133,82,54,0,42,71"/><W94/><G0/><T47/><D3/><U51/><E68/><V13/><F37/><W56/><G71/><T60/><D20/><U8/><E112/><V5/><F116/><W19/><G133/><T76/><D95/><U120/><E106/><V115/><F121/><W131/><G131/><T73/><D47/><U125/><E120/><V81/><F61/><N who="3" m="35991" /><G82/><T122/><D122/><U66/><E125/><V32/><F32/><W104/><G104/><N who="2" m="40009" /><F98/><W90/><G19/><T101/><D101/><U58/><E77/><V15/><F23/><W97/><AGARI ba="0,0" hai="24,25,27,40,41,42,45,48,90,94,97" m="35991" machi="97" ten="30,1500,0" yaku="8,1" doraHai="108" who="3" fromWho="3" sc="186,-5,225,-5,247,-5,342,15" owari="181,-32.0,220,-18.0,242,4.0,357,46.0" /></mjloggm>