<mjloggm ver="2.3"><GO type="185" lobby="0"/><UN n0="%E3%81%9F%E3%82%93%E3%82%86%E3%81%86" n1="%E3%83%A1%E3%83%AB%E3%83%88%E3%83%AA%E3%83%AA%E3%82%B9" n2="%E2%98%86%E3%83%97%E3%83%A9%E3%83%81%E3%83%8A" n3="" dan="17,16,16,0" rate="2279.18,2189.90,2209.69,1500.00" sx="F,F,M,C"/><TAIKYOKU oya="0"/><INIT seed="0,0,0,3,4,131" ten="350,350,350,0" oya="0" hai0="96,42,39,87,46,43,98,36,112,120,102,66,121" hai1="70,123,75,113,129,116,104,86,2,76,81,114,105" hai2="64,54,73,106,111,60,34,71,119,107,99,69,100" hai3=""/><T61/><N who="0" m="30752" /><T88/><N who="0" m="31008" /><T74/><D74/><U95/><N who="1" m="31520" /><U89/><E2/><V93/><F34/><T58/><D112/><N who="1" m="43115" /><E70/><V65/><F119/><T103/><D43/><U94/><E129/><V52/><F73/><T62/><D62/><U126/><E116/><V57/><F111/><T32/><D32/><U55/><E55/><V41/><F41/><T59/><D59/><U127/><E95/><V130/><F130/><T118/><D118/><U132/><E132/><V84/><F107/><AGARI ba="0,0" hai="75,76,81,86,89,94,104,105,107,126,127" m="43115,31520" machi="107" ten="30,7700,0" yaku="11,1,34,2,52,1" doraHai="131" who="1" fromWho="2" sc="350,0,350,77,350,-77,0,0" /><INIT seed="1,0,0,5,4,115" ten="350,427,273,0" oya="1" hai0="132,108,77,83,114,134,99,51,127,81,84,59,76" hai1="94,78,95,124,50,118,130,44,33,48,73,62,107" hai2="47,0,71,1,39,55,86,92,34,52,67,112,37" hai3=""/><U49/><E33/><V98/><F34/><T117/><D114/><U102/><E130/><V42/><F112/><T63/><D108/><U54/><E124/><V104/><F39/><T109/><D109/><U121/><N who="1" m="31008" /><U90/><E118/><V116/><F116/><T57/><D117/><U41/><E107/><V113/><F113/><T66/><D127/><U135/><E135/><N who="0" m="51753" /><D99/><U131/><E131/><V129/><F129/><T119/><D119/><U2/><E2/><V60/><F86/><T40/><D40/><U91/><E102/><V61/><F104/><T87/><D51/><N who="1" m="19531" /><E78/><V45/><F45/><T85/><D59/><U69/><E69/><V89/><REACH who="2" step="1"/><F61/><REACH who="2" ten="350,427,263,0" step="2"/><T133/><D133/><U38/><E38/><V88/><F88/><N who="1" m="33833" /><E73/><AGARI ba="0,1" hai="57,63,66,73,76,77,81,83,84,85,87" m="51753" machi="73" ten="30,1000,0" yaku="20,1" doraHai="115" who="0" fromWho="1" sc="350,20,427,-10,263,0,0,0" /><INIT seed="2,0,0,2,1,81" ten="370,417,263,0" oya="2" hai0="132,35,135,117,49,95,42,90,128,105,96,66,125" hai1="63,0,82,130,51,103,83,32,44,98,89,122,38" hai2="113,34,123,87,77,80,127,71,74,124,118,65,91" hai3=""/><V67/><N who="2" m="31520" /><V121/><N who="2" m="31008" /><V133/><F113/><T97/><D35/><U108/><N who="1" m="31264" /><U47/><E0/><V55/><F118/><T85/><D66/><U56/><E32/><V114/><F114/><T120/><N who="0" m="30752" /><T37/><D37/><U112/><E108/><V102/><F34/><T57/><D117/><U92/><E112/><V109/><F109/><T59/><D125/><N who="2" m="48202" /><F71/><T111/><D111/><U2/><E2/><V52/><F102/><T107/><D128/><U3/><E3/><V54/><F133/><N who="0" m="51274" /><D42/><U84/><E38/><V40/><F40/><T104/><D49/><U100/><E51/><V46/><F46/><N who="1" m="17449" /><E130/><V53/><N who="2" m="13312" /><DORA hai="76" /><V33/><F33/><T110/><D110/><U116/><E116/><V75/><F75/><T86/><D59/><U93/><E103/><V68/><F68/><T101/><D57/><U78/><E78/><V131/><F131/><T45/><D45/><U115/><E115/><V119/><F119/><T62/><D62/><U79/><E79/><V69/><F69/><T41/><D41/><U64/><AGARI ba="0,0" hai="56,63,64,82,83,84,89,92,93,98,100" m="17449,31264" machi="64" ten="30,6000,1" yaku="8,1,52,4" doraHai="81,76" who="1" fromWho="1" sc="370,-20,417,60,263,-40,0,0" /><INIT seed="4,0,0,0,3,101" ten="350,477,223,0" oya="0" hai0="132,66,89,95,73,115,39,122,103,49,111,32,125" hai1="48,126,96,80,91,74,77,51,81,94,109,42,84" hai2="50,88,75,68,86,105,119,102,62,76,70,110,116" hai3=""/><T64/><N who="0" m="31264" /><T44/><D32/><U123/><N who="1" m="31520" /><U40/><E109/><V129/><F110/><T108/><D39/><U61/><E126/><V37/><F37/><T117/><D73/><U57/><E40/><V58/><F129/><T133/><D117/><N who="2" m="45130" /><F76/><T131/><D131/><U0/><E42/><V55/><F75/><T114/><D103/><U135/><E135/><N who="0" m="51785" /><D89/><U93/><E0/><V43/><F43/><T87/><D87/><U112/><E112/><N who="0" m="43049" /><D95/><U34/><E34/><V60/><F102/><T92/><D92/><U118/><E118/><V97/><F97/><T127/><D111/><U41/><E41/><V90/><F90/><T2/><D2/><U69/><E93/><V83/><F105/><T72/><D72/><U99/><E99/><V78/><F78/><T47/><D108/><U120/><N who="1" m="30752" /><U82/><E74/><V38/><F38/><T1/><D1/><U134/><E134/><V67/><F62/><T106/><D106/><U59/><E77/><V104/><F104/><T35/><D35/><U53/><E96/><V79/><F79/><T65/><D49/><U130/><E130/><V100/><F100/><T98/><D98/><U107/><E107/><V113/><F113/><T3/><D3/><RYUUKYOKU ba="0,0" sc="350,10,477,-20,223,10,0,0" hai0="44,47,64,65,66,125,127" hai2="50,55,58,60,67,68,70,83,86,88" /><INIT seed="4,1,0,1,0,107" ten="360,457,233,0" oya="0" hai0="37,61,34,51,52,112,98,123,83,122,113,90,119" hai1="36,73,116,53,129,57,132,69,135,86,84,67,109" hai2="114,40,56,108,49,100,96,128,1,55,44,125,59" hai3=""/><T77/><N who="0" m="31264" /><T65/><N who="0" m="31520" /><T63/><D37/><U124/><E109/><V97/><F108/><T78/><D119/><U127/><E116/><V130/><F1/><T54/><D34/><U41/><E73/><V111/><F111/><T70/><D63/><U118/><E118/><V58/><F114/><N who="0" m="44138" /><D54/><U48/><E84/><V131/><F125/><N who="1" m="48201" /><E86/><V94/><REACH who="2" step="1"/><F97/><REACH who="2" ten="360,457,223,0" step="2"/><T115/><D115/><U75/><E129/><V133/><F133/><T3/><D3/><U60/><E135/><V87/><F87/><T79/><D83/><U62/><E132/><V38/><AGARI ba="1,1" hai="38,40,44,49,55,56,58,59,94,96,100,128,130,131" machi="38" ten="30,5900,0" yaku="1,1,0,1,19,1,53,1" doraHai="107" doraHaiUra="91" who="2" fromWho="2" sc="360,-40,457,-21,223,71,0,0" /><INIT seed="5,0,0,3,0,121" ten="320,436,294,0" oya="1" hai0="117,74,38,37,34,43,129,69,102,44,64,110,89" hai1="45,83,81,116,59,50,132,67,114,131,124,120,57" hai2="87,92,88,85,134,94,61,62,97,109,55,98,48" hai3=""/><U73/><E116/><V130/><F109/><T123/><N who="0" m="31520" /><T2/><D2/><U86/><N who="1" m="30752" /><U99/><E114/><V54/><F130/><T32/><D74/><U39/><E131/><V101/><F134/><T115/><D129/><U51/><E132/><V106/><F55/><T105/><D38/><U49/><E124/><V104/><F104/><T103/><D115/><U33/><E33/><V80/><F106/><T52/><D110/><U77/><E99/><V47/><REACH who="2" step="1"/><F87/><REACH who="2" ten="320,436,284,0" step="2"/><T127/><D117/><U42/><REACH who="1" step="1"/><E67/><REACH who="1" ten="320,426,284,0" step="2"/><V56/><F56/><T107/><D34/><U125/><E125/><V1/><F1/><T119/><D32/><U76/><AGARI ba="0,2" hai="39,42,45,49,50,51,57,59,73,76,77,81,83,86" m="30752" machi="76" ten="30,4000,0" yaku="1,1,0,1,52,1,53,0" doraHai="121" doraHaiUra="126" who="1" fromWho="1" sc="320,-20,426,60,284,-20,0,0" /><INIT seed="5,1,0,4,3,41" ten="300,486,264,0" oya="1" hai0="72,94,73,66,102,127,40,132,67,57,134,100,84" hai1="122,63,48,74,114,97,130,82,90,59,112,60,91" hai2="71,51,64,116,76,133,32,2,1,126,50,62,37" hai3=""/><U65/><N who="1" m="31264" /><U135/><E130/><V98/><F32/><T78/><D127/><U80/><E135/><N who="0" m="51753" /><D40/><U99/><E48/><V46/><F126/><T113/><D57/><U119/><E119/><V117/><F133/><T85/><D113/><U93/><E74/><N who="0" m="28777" /><D78/><U45/><E45/><V106/><F76/><T33/><D33/><U61/><E65/><N who="0" m="24585" /><D94/><U70/><E59/><V3/><F37/><T124/><D124/><U103/><E63/><V121/><N who="2" m="31008" /><V120/><N who="2" m="30752" /><V108/><F51/><T115/><D115/><U75/><E93/><V123/><N who="2" m="31520" /><V77/><F77/><T125/><D125/><U36/><E75/><V86/><F86/><AGARI ba="1,0" hai="84,85,86,100,102" m="24585,28777,51753" machi="86" ten="40,5200,0" yaku="28,2,20,1" doraHai="41" who="0" fromWho="2" sc="300,54,486,0,264,-54,0,0" /><INIT seed="6,0,0,4,4,118" ten="354,486,210,0" oya="2" hai0="77,122,97,112,103,104,117,102,134,3,89,61,115" hai1="54,93,46,1,96,94,75,81,82,69,92,85,64" hai2="88,132,51,135,108,130,114,67,105,2,45,119,35" hai3=""/><V99/><F35/><T131/><N who="0" m="31264" /><T91/><D3/><U40/><E1/><V133/><F2/><T33/><D33/><U38/><E75/><V74/><F119/><T127/><D117/><U125/><E69/><V65/><F108/><T110/><D61/><U76/><E64/><V111/><F111/><T79/><D110/><U52/><E82/><V57/><F74/><T98/><D127/><U73/><E73/><V70/><F70/><T84/><D131/><U43/><E43/><V48/><F130/><T59/><D59/><U90/><E125/><V129/><F129/><T100/><D134/><U83/><E83/><V47/><F114/><N who="0" m="43562" /><D84/><U36/><E46/><N who="2" m="17419" /><F105/><T107/><D103/><U32/><E85/><V106/><F106/><T116/><D116/><U126/><E126/><V42/><F42/><T95/><D107/><U86/><E32/><V87/><F99/><T109/><D109/><U66/><E96/><V123/><N who="2" m="31520" /><V72/><F72/><T68/><D68/><U50/><E86/><V55/><F48/><T56/><D56/><U63/><E50/><V121/><N who="2" m="31008" /><V58/><F57/><T0/><D0/><U128/><E128/><V34/><F34/><T78/><AGARI ba="0,0" hai="77,78,79,89,91,95,97,98,100,102,104" m="43562,31264" machi="78" ten="30,9000,2" yaku="15,1,11,1,34,2,52,2" doraHai="118" who="0" fromWho="0" sc="354,90,486,-30,210,-60,0,0" owari="444,4.0,456,41.0,150,-45.0,0,0.0" /></mjloggm>