<mjloggm ver="2.3"><GO type="169" lobby="0"/><UN n0="%E3%81%A1%E3%82%83%E3%81%93%E3%81%93" n1="%E5%85%AC%E5%8B%99%E5%93%A1%E3%81%8F%E3%82%93" n2="%E6%84%9B%E5%86%85%E9%87%8C%E8%8F%9C" n3="%E6%AF%94%E5%98%89%E7%A7%80%E4%BB%81" dan="16,16,18,16" rate="2111.41,2012.36,2273.22,2130.89" sx="F,F,F,M"/><TAIKYOKU oya="0"/><INIT seed="0,0,0,4,4,130" ten="250,250,250,250" oya="0" hai0="55,123,22,40,34,65,128,70,26,17,100,84,74" hai1="60,13,7,47,59,93,129,4,43,38,29,37,106" hai2="115,35,110,76,6,95,135,114,66,112,42,85,86" hai3="81,61,53,1,119,117,25,109,14,120,44,62,97"/><T16/><D74/><U99/><E129/><V98/><F35/><W45/><G1/><T134/><D123/><U36/><E106/><V118/><F66/><W49/><G120/><T39/><D128/><U89/><E29/><V21/><F42/><W79/><G109/><T126/><D126/><U19/><E38/><V56/><F56/><W108/><G108/><T94/><D34/><U52/><REACH who="1" step="1"/><E36/><REACH who="1" ten="250,240,250,250" step="2"/><V77/><F110/><W75/><G119/><T125/><D39/><U2/><E2/><V63/><F118/><W30/><G117/><T0/><D0/><U105/><E105/><V33/><F114/><W67/><G67/><T88/><D65/><U131/><E131/><V23/><F112/><W80/><G14/><T46/><D125/><U71/><E71/><V107/><F107/><W8/><G25/><T132/><D70/><U28/><E28/><V15/><F15/><W122/><G122/><T92/><D40/><U102/><E102/><V116/><F115/><W24/><G24/><T96/><REACH who="0" step="1"/><D17/><REACH who="0" ten="240,240,250,250" step="2"/><U50/><E50/><AGARI ba="0,2" hai="16,22,26,46,50,55,84,88,92,94,96,100,132,134" machi="50" ten="40,18000,2" yaku="1,1,2,1,52,2,54,2,53,0" doraHai="130" doraHaiUra="32" who="0" fromWho="1" sc="240,200,240,-180,250,0,250,0" /><INIT seed="0,1,0,4,3,30" ten="440,60,250,250" oya="0" hai0="107,50,63,29,49,28,131,114,54,100,8,116,4" hai1="113,71,93,52,21,73,2,59,86,70,111,104,40" hai2="76,81,97,132,88,127,58,106,48,5,11,3,34" hai3="25,78,72,31,96,122,83,94,36,22,80,85,64"/><T24/><D116/><U38/><E104/><V123/><F123/><W65/><G36/><T79/><D114/><U60/><E73/><V51/><F132/><W135/><G135/><T109/><D109/><U18/><E2/><V133/><F133/><W121/><G121/><T84/><D131/><U126/><E126/><V26/><F127/><W130/><G130/><T117/><D117/><U87/><E111/><V16/><F106/><W20/><G20/><T82/><D100/><U120/><E120/><V119/><F119/><W66/><G122/><T53/><D107/><U57/><E113/><V42/><F42/><W102/><REACH who="3" step="1"/><G65/><REACH who="3" ten="440,60,250,240" step="2"/><T99/><D29/><U112/><E112/><V19/><F11/><W125/><G125/><T103/><D8/><U92/><E38/><V44/><F48/><W67/><G67/><T129/><D49/><U12/><E40/><V17/><F51/><W118/><G118/><T47/><D50/><U105/><E105/><V13/><F44/><W68/><G68/><T6/><D47/><U46/><E46/><V9/><F9/><W1/><G1/><T95/><D129/><U10/><E59/><V89/><F3/><W90/><AGARI ba="1,1" hai="22,25,31,64,66,72,78,80,83,85,90,94,96,102" machi="90" ten="20,8000,1" yaku="1,1,0,1,7,1,53,2" doraHai="30" doraHaiUra="62" who="3" fromWho="3" sc="440,-41,60,-21,250,-21,240,93" /><INIT seed="1,0,0,5,3,54" ten="399,39,229,333" oya="1" hai0="30,32,17,85,49,80,60,105,20,48,100,39,59" hai1="82,6,112,24,68,83,22,115,132,121,51,4,38" hai2="25,90,28,11,12,5,37,57,101,104,56,19,109" hai3="106,13,31,126,9,29,33,95,52,46,16,15,122"/><U10/><E38/><V2/><F37/><W77/><G106/><T61/><D39/><U87/><E121/><V130/><F109/><W127/><G122/><T128/><D128/><U8/><E68/><V72/><F130/><W81/><G33/><T110/><D110/><U1/><E132/><V107/><F72/><W113/><G95/><T67/><D30/><U93/><E93/><V118/><F90/><W75/><G15/><T69/><D32/><U78/><E51/><V7/><F118/><W43/><G113/><T111/><D100/><U58/><E83/><V89/><F89/><W120/><G120/><T94/><D94/><U21/><E58/><N who="2" m="22635" /><F5/><W41/><G41/><T119/><D105/><U76/><E76/><V131/><F101/><W97/><G97/><T71/><D71/><U116/><E116/><V133/><F133/><W117/><G117/><T108/><D119/><U99/><E99/><V40/><F40/><W45/><G43/><T102/><D102/><U86/><E86/><V98/><F98/><W88/><G88/><T35/><D35/><U125/><E125/><N who="3" m="47626" /><G45/><T50/><D111/><U92/><E92/><V74/><F74/><W36/><G36/><T18/><D108/><U124/><E124/><V73/><F73/><W27/><G27/><T96/><D96/><U42/><E42/><V14/><F131/><W123/><G123/><T66/><D85/><U103/><E103/><V55/><F12/><W91/><G91/><T63/><D80/><U62/><E24/><V26/><F107/><W47/><G47/><T129/><D129/><U79/><E79/><RYUUKYOKU ba="0,0" sc="399,-10,39,-10,229,-10,333,30" hai3="9,13,16,29,31,46,52,75,77,81" /><INIT seed="2,1,0,1,2,3" ten="389,29,219,363" oya="2" hai0="135,99,112,116,68,65,87,106,74,54,120,78,29" hai1="134,6,24,47,61,44,9,123,121,31,93,33,75" hai2="91,48,5,30,20,21,101,36,128,64,22,35,43" hai3="14,86,103,89,114,102,50,19,131,80,105,88,122"/><V98/><F36/><W16/><G122/><N who="1" m="46602" /><E75/><V26/><F128/><W8/><G131/><T59/><D112/><U12/><E134/><V66/><F91/><W63/><G114/><T132/><D74/><U97/><E61/><V90/><F90/><AGARI ba="1,0" hai="6,9,12,24,31,33,44,47,90,93,97" m="46602" machi="90" ten="30,2000,0" yaku="13,1,52,1" doraHai="3" who="1" fromWho="2" sc="389,0,29,23,219,-23,363,0" /><INIT seed="3,0,0,0,2,107" ten="389,52,196,363" oya="3" hai0="65,24,41,66,90,125,36,64,47,117,128,54,67" hai1="18,2,59,63,123,27,61,11,1,104,10,108,43" hai2="50,81,45,75,70,5,118,134,4,110,52,86,122" hai3="23,131,99,80,17,71,103,82,57,89,88,94,12"/><W106/><G71/><T6/><D117/><U87/><E123/><V58/><F118/><W73/><G131/><T7/><D125/><U129/><E129/><V95/><F70/><W133/><G133/><T69/><D67/><U28/><E104/><V96/><F75/><W22/><G22/><T93/><D128/><U120/><E120/><V83/><F122/><W38/><G38/><T111/><D54/><U29/><E108/><V112/><F110/><W126/><G126/><T91/><D111/><U101/><E101/><V62/><F112/><W9/><G9/><T35/><D69/><U42/><E87/><V113/><F113/><W51/><G73/><T46/><D90/><N who="3" m="34921" /><G106/><T15/><D15/><U76/><E76/><N who="2" m="46375" /><F83/><W85/><G85/><T13/><D35/><U40/><E27/><V31/><F31/><W100/><G100/><T19/><D24/><U3/><E18/><V109/><F134/><W20/><G20/><N who="0" m="11375" /><D36/><U105/><E105/><V26/><F26/><W92/><G92/><T84/><D41/><U124/><E124/><V115/><F115/><W127/><G127/><T60/><D60/><U0/><N who="1" m="512" /><DORA hai="114" /><U77/><E77/><V33/><F33/><W39/><G39/><T119/><D119/><U14/><E63/><V79/><F79/><W30/><G30/><T78/><D78/><U49/><E10/><V98/><F109/><W37/><G37/><T21/><D21/><U55/><REACH who="1" step="1"/><E61/><REACH who="1" ten="389,42,196,363" step="2"/><V48/><F62/><W116/><G116/><T16/><D16/><U8/><E8/><V121/><F121/><W53/><AGARI ba="0,1" hai="12,17,23,51,53,57,80,82,94,99,103" m="34921" machi="53" ten="30,3000,0" yaku="8,1,54,1" doraHai="107,114" who="3" fromWho="3" sc="389,-10,42,-10,196,-10,363,40" /><INIT seed="3,1,0,3,2,110" ten="379,32,186,403" oya="3" hai0="35,51,95,76,22,29,2,42,101,129,50,83,5" hai1="64,0,75,4,15,128,78,112,79,93,124,16,106" hai2="102,109,70,11,56,23,7,115,84,97,13,77,100" hai3="98,120,111,49,133,3,34,90,31,89,68,55,103"/><W67/><G120/><T94/><D129/><U43/><E106/><V72/><F109/><W26/><G3/><T119/><D119/><U17/><E75/><V48/><F70/><W118/><G118/><T30/><D35/><U130/><E43/><V6/><F72/><W71/><G111/><T105/><D105/><U116/><E116/><V114/><F6/><W59/><G133/><T9/><D22/><U10/><E64/><V73/><F73/><W82/><G82/><T132/><D51/><U121/><E93/><V108/><F108/><W122/><G122/><T126/><D126/><U127/><E121/><V81/><F23/><W44/><G44/><T24/><D132/><U37/><E37/><V125/><F125/><N who="1" m="48201" /><E79/><V80/><F80/><W8/><G8/><T53/><D42/><U99/><E99/><V27/><F27/><W62/><REACH who="3" step="1"/><G68/><REACH who="3" ten="379,32,186,393" step="2"/><T92/><D83/><U86/><E78/><V113/><F77/><W40/><G40/><T14/><D76/><U45/><E45/><V107/><F81/><W46/><G46/><N who="0" m="27863" /><D2/><U57/><E0/><V25/><F11/><W61/><G61/><T21/><D101/><U123/><E123/><V104/><F102/><W39/><G39/><T96/><D96/><U63/><E86/><V1/><F84/><W18/><G18/><AGARI ba="1,1" hai="5,9,14,18,21,24,29,30,92,94,95" m="27863" machi="18" ten="30,1000,0" yaku="8,1" doraHai="110" who="0" fromWho="3" sc="379,23,32,0,186,0,393,-13" /><INIT seed="4,0,0,0,2,40" ten="402,32,186,380" oya="0" hai0="88,0,12,91,30,57,50,70,80,103,60,86,42" hai1="127,128,13,45,96,107,9,35,132,25,36,130,99" hai2="67,74,4,46,23,10,104,76,33,54,17,32,8" hai3="112,5,28,37,16,94,116,3,75,124,53,49,21"/><T59/><D0/><U118/><E118/><V73/><F104/><W56/><G116/><T117/><D117/><U26/><E107/><V113/><F67/><W98/><G75/><T51/><D103/><U105/><E105/><V100/><F100/><W106/><G106/><T95/><D50/><U66/><E66/><V64/><F64/><W120/><G120/><T125/><D125/><U31/><E127/><V68/><F68/><W44/><G124/><T62/><D70/><U71/><E71/><V85/><F113/><W78/><G112/><T123/><D123/><U63/><E63/><N who="0" m="24105" /><D30/><U87/><E87/><V121/><F121/><W39/><G78/><T129/><D12/><U122/><E122/><V18/><F76/><W15/><G28/><T119/><D129/><N who="1" m="49771" /><E26/><V82/><F73/><W7/><G3/><T38/><D38/><U34/><E34/><V89/><F74/><W126/><G126/><T97/><D119/><U135/><E96/><V102/><F32/><W2/><G2/><T133/><D133/><N who="1" m="51275" /><E99/><V111/><F33/><W131/><G131/><T55/><D42/><N who="1" m="22727" /><E13/><V11/><F102/><W114/><G114/><T43/><D43/><U19/><E9/><V24/><F10/><W134/><G134/><T14/><D14/><U77/><E77/><V48/><F11/><W79/><G79/><T81/><D81/><U41/><E41/><V22/><F8/><W6/><REACH who="3" step="1"/><G56/><AGARI ba="0,0" hai="51,55,56,57,59,80,86,88,91,95,97" m="24105" machi="56" ten="30,2900,0" yaku="8,1,54,1" doraHai="40" who="0" fromWho="3" sc="402,29,32,0,186,0,380,-29" /><INIT seed="4,1,0,3,4,24" ten="431,32,186,351" oya="0" hai0="60,51,41,50,134,9,75,77,88,4,113,93,112" hai1="64,117,26,31,42,81,105,97,27,90,1,111,68" hai2="124,92,85,100,79,72,71,116,133,15,13,37,30" hai3="2,83,58,46,82,76,16,47,22,53,99,119,120"/><T135/><D75/><U129/><E117/><V67/><F37/><W63/><G120/><T5/><D77/><U123/><E1/><V69/><F72/><W54/><G119/><T66/><D50/><U8/><E123/><V56/><F69/><W94/><G2/><T17/><D51/><U62/><E27/><V108/><F71/><W11/><G11/><T52/><D41/><U91/><E111/><V35/><F133/><N who="0" m="50698" /><D17/><U95/><E129/><V122/><F79/><W106/><G106/><T18/><D18/><U118/><E118/><V127/><F116/><W12/><G54/><T29/><D29/><U131/><E131/><V45/><F30/><W126/><G126/><T0/><D52/><U39/><E8/><V87/><F122/><W114/><G114/><N who="0" m="44139" /><D9/><U3/><E3/><V89/><F127/><W44/><REACH who="3" step="1"/><G76/><REACH who="3" ten="431,32,186,341" step="2"/><T109/><D0/><U34/><E105/><V59/><F124/><W98/><G98/><N who="0" m="57639" /><D109/><U23/><E42/><V65/><F108/><W130/><G130/><T103/><D103/><AGARI ba="1,1" hai="12,16,22,44,46,47,53,58,63,82,83,94,99,103" machi="103" ten="40,5200,0" yaku="1,1,8,1,54,1,53,0" doraHai="24" doraHaiUra="36" who="3" fromWho="0" sc="431,-55,32,0,186,0,341,65" /><INIT seed="5,0,0,1,4,6" ten="376,32,186,406" oya="1" hai0="53,14,119,11,31,111,60,92,124,94,4,61,48" hai1="15,98,17,37,1,84,118,16,35,88,33,133,63" hai2="82,57,66,129,69,74,83,93,101,70,125,39,103" hai3="64,86,56,24,65,97,20,96,23,21,75,51,113"/><U110/><E118/><V50/><F39/><W9/><G75/><T54/><D111/><U91/><E1/><V32/><F32/><W67/><G113/><T122/><D119/><U27/><E37/><V41/><F70/><W135/><G135/><T109/><D109/><U120/><E120/><V105/><F105/><W40/><G86/><T115/><D124/><U22/><E133/><V131/><F125/><W5/><G24/><T26/><D115/><U12/><E110/><V13/><F69/><W55/><REACH who="3" step="1"/><G40/><REACH who="3" ten="376,32,186,396" step="2"/><T134/><D134/><U59/><E35/><V127/><F41/><W28/><G28/><T87/><D122/><U10/><E98/><V106/><F74/><W36/><G36/><T95/><D87/><U3/><E3/><AGARI ba="0,1" hai="3,5,9,20,21,23,51,55,56,64,65,67,96,97" machi="3" ten="40,2600,0" yaku="1,1,52,1,53,0" doraHai="6" doraHaiUra="126" who="3" fromWho="1" sc="376,0,32,-26,186,0,396,36" /><INIT seed="6,0,0,0,5,33" ten="376,6,186,432" oya="2" hai0="1,6,102,44,67,96,40,88,56,34,110,128,135" hai1="25,83,77,103,107,74,36,101,80,81,61,124,86" hai2="41,132,46,134,2,22,27,15,43,73,117,16,49" hai3="58,24,111,100,35,23,127,129,10,42,51,9,12"/><V95/><F117/><W112/><G100/><N who="1" m="38474" /><E61/><V89/><F73/><W69/><G69/><T98/><D110/><U55/><E55/><V130/><F130/><W82/><G82/><N who="1" m="31850" /><E25/><V8/><F134/><W54/><G111/><T97/><D128/><U90/><E36/><V66/><F132/><W62/><G129/><T20/><D135/><U133/><E133/><V48/><F66/><W64/><G112/><T108/><D108/><U87/><E124/><V93/><F89/><W123/><G127/><T115/><D115/><U47/><E47/><V131/><F131/><W13/><G123/><T30/><D102/><U68/><E68/><V71/><F71/><W32/><G42/><T3/><D34/><U84/><E107/><V37/><F2/><N who="0" m="522" /><D6/><U70/><E70/><V109/><F109/><W59/><G35/><T26/><D44/><U106/><E106/><V85/><F37/><W122/><G32/><T60/><D40/><U50/><E50/><V72/><F48/><W105/><G105/><T91/><D30/><U121/><E121/><V76/><F43/><W14/><G122/><T28/><D28/><AGARI ba="0,0" hai="9,10,12,13,14,23,24,28,51,54,58,59,62,64" machi="28" ten="40,1300,0" yaku="8,1" doraHai="33" who="3" fromWho="0" sc="376,-13,6,0,186,0,432,13" /><INIT seed="7,0,0,4,1,102" ten="363,6,186,445" oya="3" hai0="93,134,61,129,81,120,75,8,51,58,87,69,117" hai1="70,95,43,101,68,112,122,77,15,132,118,39,82" hai2="23,99,4,27,35,21,109,92,41,124,32,7,18" hai3="60,9,79,123,126,127,36,115,74,33,64,40,88"/><W119/><G123/><T113/><D117/><U90/><E122/><V65/><F41/><W22/><G119/><T10/><D120/><U11/><E112/><V107/><F65/><W47/><G115/><T2/><D2/><U42/><E118/><V72/><F107/><W76/><G33/><T44/><D113/><U0/><E132/><V45/><F45/><W103/><G103/><T34/><D34/><U71/><E43/><V57/><F57/><W114/><G114/><T31/><D69/><U30/><E15/><V125/><F92/><W94/><G22/><T52/><D31/><U6/><E90/><V104/><F104/><W16/><G74/><T17/><D129/><U105/><E95/><V13/><F99/><N who="3" m="57799" /><G16/><T116/><D116/><U25/><E101/><V59/><F59/><N who="3" m="36895" /><G9/><T29/><D29/><U19/><E19/><V48/><F125/><AGARI ba="0,0" hai="36,40,47,76,79,125,126,127" m="36895,57799" machi="125" ten="30,2900,0" yaku="18,1,54,1" doraHai="102" who="3" fromWho="2" sc="363,0,6,0,186,-29,445,29" owari="363,16.0,6,-49.0,157,-24.0,474,57.0" /></mjloggm>