<mjloggm ver="2.3"><GO type="185" lobby="0"/><UN n0="%E3%81%9F%E3%82%93%E3%82%86%E3%81%86" n1="%47%45%52%57%45%4E" n2="%E5%8C%97%E5%B2%A1%E3%81%BE%E3%81%A4%E3%81%9F%E3%81%91" n3="" dan="17,16,16,0" rate="2290.55,2316.43,2283.97,1500.00" sx="F,M,F,C"/><TAIKYOKU oya="0"/><INIT seed="0,0,0,1,3,95" ten="350,350,350,0" oya="0" hai0="97,65,63,81,56,1,57,40,99,48,86,33,52" hai1="79,47,51,135,76,108,91,123,130,43,32,90,107" hai2="61,129,83,59,127,50,73,113,102,49,77,58,53" hai3=""/><T128/><D1/><U98/><N who="1" m="31520" /><U3/><E108/><V64/><F113/><T120/><N who="0" m="30752" /><T119/><D33/><U41/><E3/><V38/><F38/><T0/><D0/><U2/><E2/><V44/><F129/><T45/><D119/><U88/><E130/><V35/><F127/><T124/><D124/><U111/><E111/><V39/><F35/><T106/><D106/><U71/><E32/><V118/><F118/><T54/><D128/><U74/><E71/><V115/><F39/><T60/><D65/><U36/><E74/><V117/><F117/><T101/><D101/><U89/><E135/><V103/><REACH who="2" step="1"/><F115/><REACH who="2" ten="350,350,340,0" step="2"/><T105/><REACH who="0" step="1"/><D105/><REACH who="0" ten="340,350,340,0" step="2"/><U72/><E107/><V34/><F34/><T69/><D69/><U133/><E133/><V66/><F66/><T109/><D109/><U62/><E36/><V96/><F96/><T132/><D132/><U93/><E98/><V131/><F131/><T112/><D112/><U121/><E121/><V42/><AGARI ba="0,2" hai="42,44,49,50,53,58,59,61,64,73,77,83,102,103" machi="42" ten="20,2000,0" yaku="1,1,0,1,7,1,53,0" doraHai="95" doraHaiUra="84" who="2" fromWho="2" sc="340,-13,350,-7,340,40,0,0" /><INIT seed="1,0,0,2,2,84" ten="327,343,380,0" oya="1" hai0="131,88,3,114,48,81,83,108,54,127,103,34,1" hai1="107,128,52,123,77,61,98,74,36,32,73,119,60" hai2="96,44,59,91,124,97,111,85,65,120,99,102,113" hai3=""/><U68/><N who="1" m="31520" /><U109/><E119/><V117/><N who="2" m="30752" /><V76/><F117/><T122/><N who="0" m="31264" /><T75/><D34/><U89/><E32/><V62/><F113/><T135/><D114/><U125/><E125/><V41/><F124/><T33/><D127/><U43/><E128/><V70/><F76/><T72/><D33/><U130/><E130/><V90/><F111/><T58/><D131/><U105/><E109/><V110/><F110/><T2/><D108/><U45/><E77/><V69/><F102/><T101/><D135/><U40/><E40/><V80/><REACH who="2" step="1"/><F91/><REACH who="2" ten="327,343,370,0" step="2"/><T49/><D2/><U112/><E89/><V57/><F57/><T118/><D118/><U129/><E129/><V71/><F71/><T87/><D88/><U56/><E68/><V66/><F66/><T121/><N who="0" m="31008" /><T92/><D87/><U53/><E112/><V106/><F106/><T100/><D100/><U37/><E107/><V134/><F134/><T50/><D92/><U51/><E105/><V116/><F116/><T86/><D86/><U64/><E64/><V93/><F93/><T35/><D35/><U133/><E133/><V46/><F46/><T67/><D67/><U94/><E45/><V126/><F126/><T63/><D103/><RYUUKYOKU ba="0,1" sc="327,-10,343,-10,370,20,0,0" hai2="41,44,59,62,65,69,70,80,85,90,96,97,99" /><INIT seed="2,1,1,5,4,76" ten="317,333,390,0" oya="2" hai0="102,128,46,68,57,109,64,103,112,54,35,70,130" hai1="116,92,108,106,124,86,123,77,63,41,32,96,79" hai2="87,82,71,45,91,99,58,66,44,3,75,120,65" hai3=""/><V2/><N who="2" m="30752" /><V95/><F71/><T113/><D35/><U60/><N who="1" m="31520" /><U88/><E32/><V121/><N who="2" m="31008" /><V122/><N who="2" m="31264" /><V117/><F117/><T0/><D0/><U43/><E116/><V89/><F75/><T1/><D1/><U47/><E108/><V126/><F126/><T100/><D109/><U52/><E124/><V80/><F2/><T125/><D46/><N who="2" m="18026" /><F3/><T61/><D125/><U40/><E106/><V38/><F38/><T48/><REACH who="0" step="1"/><D70/><REACH who="0" ten="307,333,390,0" step="2"/><U110/><E110/><V133/><F133/><T72/><D72/><U131/><E131/><AGARI ba="1,2" hai="48,54,57,61,64,68,100,102,103,112,113,128,130,131" machi="131" ten="40,5200,0" yaku="1,1,19,1,53,1" doraHai="76" doraHaiUra="49" who="0" fromWho="1" sc="307,74,333,-54,390,0,0,0" /><INIT seed="4,0,0,2,1,46" ten="381,279,390,0" oya="0" hai0="95,38,43,131,122,73,100,87,59,49,55,97,36" hai1="103,89,109,50,119,132,83,58,71,80,129,111,120" hai2="57,112,64,77,133,70,104,102,78,106,33,114,75" hai3=""/><T91/><N who="0" m="31264" /><T47/><D73/><U90/><N who="1" m="30752" /><U130/><E71/><V126/><F33/><T101/><D131/><N who="1" m="50187" /><E119/><V56/><F70/><T67/><D67/><U63/><E132/><V96/><F133/><T44/><D44/><U99/><E50/><V0/><F0/><T110/><D110/><N who="1" m="41995" /><E58/><V105/><F56/><T116/><D116/><U54/><E54/><V124/><F57/><T48/><REACH who="0" step="1"/><D101/><REACH who="0" ten="371,279,390,0" step="2"/><U74/><E63/><V123/><N who="2" m="31520" /><V32/><F64/><T108/><D108/><U85/><E74/><V2/><F75/><T72/><D72/><U81/><E85/><V35/><F32/><T65/><D65/><U82/><N who="1" m="20480" /><DORA hai="113" /><U45/><E45/><V121/><F35/><T117/><D117/><U118/><E118/><V68/><F121/><T1/><D1/><U61/><E61/><V127/><F2/><T51/><D51/><U88/><E103/><V86/><F102/><T107/><AGARI ba="0,1" hai="36,38,43,47,48,49,55,59,87,91,95,97,100,107" m="31264" machi="107" ten="20,12000,2" yaku="1,1,0,1,7,1,52,3,53,1" doraHai="46,113" doraHaiUra="98,134" who="0" fromWho="0" sc="371,130,279,-60,390,-60,0,0" /><INIT seed="4,1,0,1,4,58" ten="501,219,330,0" oya="0" hai0="85,78,102,106,74,103,110,92,105,89,56,44,130" hai1="36,68,127,134,81,55,48,76,67,115,101,99,63" hai2="97,64,122,114,41,113,65,66,87,109,62,132,69" hai3=""/><T73/><D44/><U94/><E127/><V43/><N who="2" m="31264" /><V33/><F33/><T91/><D56/><U100/><E134/><V128/><F132/><T38/><D38/><U108/><E115/><N who="2" m="44043" /><F109/><T107/><D110/><U51/><E108/><V118/><F118/><T111/><D111/><U119/><E119/><V120/><N who="2" m="30752" /><V79/><F97/><T49/><D49/><U45/><E36/><V135/><F135/><T82/><D130/><U0/><E51/><V129/><F87/><T95/><D74/><U131/><E0/><V37/><F79/><T71/><D71/><U84/><REACH who="1" step="1"/><E131/><REACH who="1" ten="501,209,330,0" step="2"/><N who="2" m="50251" /><F37/><T59/><D59/><U3/><E3/><V70/><F70/><T125/><D125/><U57/><E57/><V34/><F34/><T75/><D75/><U83/><E83/><V126/><F126/><T39/><D39/><U117/><E117/><V77/><F77/><T116/><D116/><U50/><E50/><V86/><F86/><AGARI ba="1,1" hai="73,78,82,85,86,89,91,92,95,102,103,105,106,107" machi="86" ten="40,18000,2" yaku="9,1,35,6" doraHai="58" who="0" fromWho="2" sc="501,192,209,0,330,-182,0,0" /><INIT seed="4,2,0,0,5,73" ten="693,209,148,0" oya="0" hai0="100,74,50,118,93,111,49,43,133,76,98,113,63" hai1="57,123,61,65,37,72,79,54,52,81,132,104,122" hai2="51,66,87,131,59,121,62,115,86,134,108,75,1" hai3=""/><T128/><D118/><U126/><N who="1" m="31264" /><U92/><N who="1" m="31520" /><U99/><E126/><V45/><N who="2" m="31008" /><V83/><F1/><T60/><D113/><U116/><E116/><V85/><F115/><T32/><D32/><U35/><E35/><V127/><F127/><T70/><D128/><U95/><E37/><V36/><F131/><T78/><D74/><U42/><E42/><V84/><F36/><T40/><D70/><U64/><E132/><V55/><F134/><T112/><D112/><U77/><E77/><N who="0" m="29801" /><D133/><U47/><E47/><V97/><F75/><T33/><D33/><U38/><E38/><V94/><F108/><T0/><D0/><U135/><E135/><V48/><N who="2" m="21504" /><DORA hai="96" /><V71/><F83/><T34/><D34/><U90/><E79/><V46/><REACH who="2" step="1"/><F51/><REACH who="2" ten="693,209,138,0" step="2"/><N who="0" m="19466" /><D111/><U56/><E81/><V69/><F69/><T53/><D63/><U130/><E72/><V119/><F119/><T117/><D117/><U129/><E61/><V82/><F82/><T125/><D125/><U109/><E109/><V107/><F107/><T41/><D60/><U105/><E105/><V68/><F68/><T39/><D39/><U58/><E104/><V88/><AGARI ba="2,1" hai="45,46,48,55,59,62,66,71,88,94,97" m="21504,31008" machi="88" ten="40,6000,1" yaku="1,1,0,1,52,1,54,1,53,0" doraHai="73,96" doraHaiUra="110,106" who="2" fromWho="2" sc="693,-42,209,-22,138,74,0,0" /><INIT seed="5,0,0,3,3,85" ten="651,187,212,0" oya="1" hai0="51,43,98,58,3,128,118,1,77,76,109,119,72" hai1="75,116,38,132,60,131,61,41,47,42,73,121,2" hai2="102,44,37,55,88,130,104,69,99,97,115,112,108" hai3=""/><U93/><N who="1" m="31008" /><U127/><E116/><N who="0" m="44585" /><D109/><U36/><E2/><N who="0" m="521" /><D128/><U110/><E127/><V34/><F34/><T106/><D72/><U92/><E47/><V101/><F69/><T65/><D43/><U135/><REACH who="1" step="1"/><E110/><REACH who="1" ten="651,177,212,0" step="2"/><V53/><F108/><T48/><D65/><U123/><N who="1" m="31520" /><U81/><E81/><V79/><F44/><T87/><D58/><U63/><E63/><V89/><F130/><AGARI ba="0,1" hai="36,38,41,42,60,61,73,75,92,93,130,131,132,135" m="31520,31008" machi="130" ten="25,18000,2" yaku="1,1,22,2,52,2,53,2" doraHai="85" doraHaiUra="107" who="1" fromWho="2" sc="651,0,177,190,212,-180,0,0" /><INIT seed="5,1,0,4,5,130" ten="651,367,32,0" oya="1" hai0="79,63,100,73,88,93,106,124,0,92,56,82,72" hai1="94,99,103,116,91,45,54,102,38,52,95,108,131" hai2="68,66,118,76,84,34,101,64,62,115,48,107,41" hai3=""/><U57/><E116/><V50/><F34/><T104/><D0/><U135/><E131/><V35/><F35/><T117/><D117/><U78/><E108/><V125/><F118/><T80/><D56/><U90/><E78/><V51/><F125/><T3/><D63/><U113/><E113/><V42/><F115/><T33/><D33/><U49/><E38/><V98/><REACH who="2" step="1"/><F66/><REACH who="2" ten="651,367,22,0" step="2"/><T83/><D3/><U96/><E135/><V32/><F32/><T37/><D37/><U128/><E128/><V67/><F67/><T60/><D60/><AGARI ba="1,1" hai="45,49,52,54,57,60,90,91,94,95,96,99,102,103" machi="60" ten="30,11600,0" yaku="7,1,9,1,8,1,54,1" doraHai="130" who="1" fromWho="0" sc="651,-118,367,128,22,0,0,0" /><INIT seed="5,2,0,2,4,48" ten="533,495,22,0" oya="1" hai0="100,102,59,64,0,62,121,99,65,104,72,51,87" hai1="45,2,92,127,88,79,125,122,47,89,131,117,38" hai2="78,74,61,112,44,39,52,43,134,129,113,57,54" hai3=""/><U111/><N who="1" m="31264" /><U33/><E117/><V46/><F74/><T106/><N who="0" m="31008" /><T83/><D72/><U101/><E33/><V130/><F78/><T36/><D36/><U108/><E2/><V77/><F77/><T75/><D75/><U32/><E32/><V86/><F86/><T68/><D0/><U103/><E79/><V34/><F34/><T128/><D128/><N who="2" m="49258" /><F134/><T50/><D65/><U105/><E131/><V98/><F98/><T76/><D68/><U109/><E89/><V126/><F126/><N who="1" m="48137" /><E38/><V55/><F46/><N who="1" m="17417" /><E105/><V60/><F60/><T37/><D37/><U73/><E73/><V123/><N who="2" m="31520" /><V97/><F97/><AGARI ba="2,0" hai="50,51,59,62,64,76,83,87,97,99,100,102,104,106" m="31008" machi="97" ten="40,2600,0" yaku="9,1,52,1" doraHai="48" who="0" fromWho="2" sc="533,30,495,0,22,-30,0,0" /><AGARI ba="2,0" hai="88,92,97,101,103,108,109,111" m="17417,48137,31264" machi="97" ten="40,12000,1" yaku="10,1,18,1,52,1,54,1" doraHai="48" who="1" fromWho="2" sc="563,0,495,120,-8,-120,0,0" owari="563,16.0,615,57.0,-128,-73.0,0,0.0" /></mjloggm>