<mjloggm ver="2.3"><GO type="169" lobby="0"/><UN n0="%E3%83%88%E3%83%8B%E3%83%BC%E2%98%85%E5%BD%A1" n1="%E4%B9%9D%E4%B8%88%E3%83%A4%E3%82%B9" n2="%7A%6F%6F%31%39%36%34" n3="%E3%83%A4%E3%82%B3%E3%83%96%E3%82%B3%E3%83%BC%E3%82%A8%E3%83%B3" dan="17,16,18,16" rate="2144.68,2149.63,2233.42,2156.43" sx="M,M,M,M"/><TAIKYOKU oya="0"/><INIT seed="0,0,0,0,2,92" ten="250,250,250,250" oya="0" hai0="12,81,89,128,117,58,98,19,67,100,75,1,83" hai1="106,84,51,3,65,40,13,63,64,82,52,134,7" hai2="114,91,119,25,34,41,49,33,126,111,85,36,46" hai3="87,127,69,5,86,93,73,113,88,129,74,20,32"/><T131/><D1/><U110/><E106/><V23/><F114/><W103/><G32/><T54/><D117/><U66/><E3/><V26/><F119/><W28/><G69/><T50/><D67/><U55/><E110/><V30/><F111/><W68/><G68/><T72/><D89/><U132/><E40/><V107/><F107/><W42/><G113/><T6/><D6/><U120/><E120/><V31/><F126/><W95/><G127/><T99/><D100/><U47/><E63/><V71/><F71/><W70/><G70/><T108/><D108/><U77/><E55/><V43/><F23/><W22/><G5/><T61/><D61/><U109/><E109/><V97/><F36/><W45/><G129/><N who="0" m="49739" /><D81/><U101/><E101/><V116/><F116/><W17/><G22/><N who="0" m="11623" /><D83/><U38/><REACH who="1" step="1"/><E38/><REACH who="1" ten="250,240,250,250" step="2"/><V130/><F130/><W57/><G103/><T8/><D8/><AGARI ba="0,1" hai="7,8,13,47,51,52,64,65,66,77,82,84,132,134" machi="8" ten="40,5200,0" yaku="1,1,2,1,54,1,53,0" doraHai="92" doraHaiUra="27" who="1" fromWho="0" sc="250,-52,240,62,250,0,250,0" /><INIT seed="1,0,0,0,3,133" ten="198,302,250,250" oya="1" hai0="69,32,85,96,116,27,86,110,120,4,111,52,26" hai1="92,109,47,58,57,117,79,67,62,2,75,19,135" hai2="113,98,70,40,108,107,122,16,72,20,106,14,103" hai3="78,54,100,59,99,74,44,35,81,65,53,12,45"/><U93/><E117/><V21/><F122/><W48/><G35/><T10/><D116/><U66/><E135/><V0/><F72/><W51/><G65/><T127/><D69/><U17/><E2/><V43/><F0/><W23/><G12/><T84/><D120/><U28/><E28/><V18/><F70/><W118/><G118/><T31/><D96/><U30/><E30/><V121/><F121/><W124/><G23/><T7/><D127/><U3/><E3/><V29/><F29/><W41/><G124/><T132/><D132/><U64/><E47/><V6/><F6/><W34/><G34/><T73/><D73/><U50/><E50/><V88/><F108/><N who="0" m="41514" /><D27/><U5/><E5/><V126/><F126/><W49/><G49/><T105/><D105/><U36/><E36/><V82/><F107/><W112/><G112/><T37/><D37/><U13/><E109/><V60/><F60/><W56/><REACH who="3" step="1"/><G41/><REACH who="3" ten="198,302,250,240" step="2"/><T130/><D130/><U8/><E13/><V71/><F113/><W63/><G63/><T89/><D10/><U123/><E62/><V39/><F71/><W42/><G42/><T38/><D38/><U114/><E8/><V87/><F39/><W25/><G25/><AGARI ba="0,1" hai="14,16,18,20,21,25,40,43,82,87,88,98,103,106" machi="25" ten="30,3900,0" yaku="7,1,54,2" doraHai="133" who="2" fromWho="3" sc="198,0,302,0,250,49,240,-39" /><INIT seed="2,0,0,4,2,67" ten="198,302,299,201" oya="2" hai0="105,41,130,27,42,112,61,70,81,33,72,4,126" hai1="7,83,60,135,47,102,117,110,11,114,48,77,134" hai2="38,71,75,87,29,37,35,20,24,16,109,21,101" hai3="78,26,53,5,85,36,18,30,90,50,25,84,43"/><V88/><F75/><W95/><G36/><T32/><D112/><U106/><E114/><V93/><F109/><W103/><G103/><T128/><D4/><U127/><E117/><V0/><F0/><W3/><G43/><N who="0" m="16395" /><D105/><U129/><E127/><V58/><F71/><W132/><G132/><T119/><D27/><U57/><E129/><N who="0" m="49769" /><D126/><U15/><E110/><V54/><F101/><W73/><G5/><T121/><D121/><U1/><E1/><V131/><F21/><W31/><G3/><T82/><D119/><U74/><E48/><V79/><F79/><W118/><G73/><T34/><D72/><U49/><E49/><V124/><F124/><W115/><G115/><T45/><D45/><U107/><E47/><V65/><F65/><AGARI ba="0,0" hai="32,33,34,61,65,70,81,82" m="49769,16395" machi="65" ten="40,2600,0" yaku="19,1,52,1" doraHai="67" who="0" fromWho="2" sc="198,26,302,0,299,-26,201,0" /><INIT seed="3,0,0,2,1,80" ten="224,302,273,201" oya="3" hai0="126,44,9,110,28,53,2,17,7,51,15,94,62" hai1="88,75,66,60,70,64,25,120,33,59,18,81,68" hai2="50,74,67,85,56,87,99,45,46,77,121,91,93" hai3="125,112,130,61,43,40,26,133,72,92,21,54,107"/><W113/><G107/><T5/><D110/><U3/><E3/><V124/><F124/><W116/><G72/><T16/><D126/><U1/><E1/><V0/><F0/><W31/><G116/><T82/><D28/><U20/><E33/><V84/><F121/><W117/><G117/><T123/><D123/><U118/><E118/><V14/><F74/><W105/><G105/><T135/><D135/><U104/><E104/><V108/><F108/><W90/><G133/><T98/><D2/><U100/><E100/><V55/><F77/><W47/><G130/><T57/><D82/><U8/><E8/><V58/><F14/><W86/><G125/><T23/><D17/><U41/><E75/><V71/><F71/><W127/><G127/><T24/><D15/><U32/><E32/><V111/><F111/><W39/><REACH who="3" step="1"/><G43/><REACH who="3" ten="224,302,273,191" step="2"/><N who="0" m="24991" /><D9/><U102/><E41/><V83/><F83/><W27/><G27/><T119/><D119/><U48/><E120/><V65/><F65/><W49/><G49/><T109/><D109/><U103/><E48/><N who="2" m="29079" /><F67/><W63/><G63/><T35/><D35/><U128/><E128/><V131/><F131/><W129/><G129/><T52/><D53/><AGARI ba="0,1" hai="45,50,53,56,58,84,85,87,91,93,99" m="29079" machi="53" ten="30,7700,0" yaku="8,1,52,3" doraHai="80" who="2" fromWho="0" sc="224,-77,302,0,273,87,191,0" /><INIT seed="4,0,0,5,4,80" ten="147,302,360,191" oya="0" hai0="130,105,51,0,33,133,115,69,93,106,95,104,47" hai1="53,29,55,89,35,73,32,107,2,61,128,23,78" hai2="64,84,63,85,50,20,45,75,60,108,72,46,124" hai3="97,52,103,43,41,57,88,62,37,16,7,96,34"/><T86/><D69/><U67/><E2/><V28/><F124/><W31/><G7/><T134/><D0/><U121/><E121/><V76/><F108/><W22/><G37/><T119/><D33/><U12/><E107/><V66/><F76/><W98/><G31/><T1/><D1/><U123/><E123/><V101/><F101/><W25/><G34/><T125/><D119/><U65/><E128/><V48/><F20/><W111/><G111/><T122/><D122/><U99/><E78/><V58/><F58/><W26/><G26/><T17/><D130/><U113/><E73/><V132/><REACH who="2" step="1"/><F28/><REACH who="2" ten="147,302,350,191" step="2"/><W70/><G70/><T3/><D125/><U131/><E29/><V83/><F83/><W74/><G74/><T118/><D118/><U13/><E23/><V15/><F15/><W82/><G103/><T117/><D117/><U129/><E13/><V102/><F102/><W112/><G112/><T39/><D106/><U110/><E12/><V8/><F8/><W90/><G82/><T81/><D115/><U126/><E110/><V18/><F18/><W36/><G36/><T30/><D39/><U59/><E126/><V4/><F4/><W24/><G24/><T91/><D105/><U56/><E113/><V27/><F27/><W68/><G68/><T109/><D104/><U116/><E116/><V100/><F100/><W54/><G90/><T87/><D109/><U77/><E77/><V44/><F44/><W135/><G88/><T71/><D71/><N who="1" m="42415" /><E89/><V38/><F38/><W40/><G135/><AGARI ba="0,1" hai="45,46,48,50,60,63,64,66,72,75,84,85,132,135" machi="135" ten="25,8000,1" yaku="1,1,22,2,52,2,53,0" doraHai="80" doraHaiUra="79" who="2" fromWho="3" sc="147,0,302,0,350,90,191,-80" /><INIT seed="5,0,0,5,4,3" ten="147,302,440,111" oya="1" hai0="26,115,101,55,97,100,98,65,0,36,71,46,106" hai1="76,54,15,18,83,133,50,122,93,59,89,37,57" hai2="60,45,127,27,118,91,63,8,125,107,119,12,34" hai3="67,99,105,87,66,41,114,80,19,120,11,90,56"/><U38/><E122/><V17/><F107/><W113/><G120/><T103/><D115/><N who="3" m="44041" /><G41/><T69/><D100/><U35/><E35/><V86/><F45/><W1/><G1/><T49/><D0/><U42/><E133/><V31/><F63/><W75/><G75/><T78/><D36/><U124/><E42/><V112/><F60/><W110/><G110/><T61/><D78/><U117/><E124/><N who="2" m="47691" /><F112/><W4/><G19/><T5/><D26/><U126/><E59/><V132/><F132/><W25/><G25/><T32/><D32/><U24/><E24/><V13/><F13/><N who="3" m="5351" /><G56/><T108/><D108/><U85/><E117/><V70/><F70/><W102/><AGARI ba="0,0" hai="66,67,80,87,90,99,102,105" m="5351,44041" machi="102" ten="30,2000,0" yaku="15,1,52,1" doraHai="3" who="3" fromWho="3" sc="147,-5,302,-10,440,-5,111,20" /><INIT seed="6,0,0,1,2,28" ten="142,292,435,131" oya="2" hai0="97,119,61,50,54,116,98,90,26,122,75,105,15" hai1="113,63,33,23,109,40,111,65,9,60,120,59,102" hai2="74,31,70,117,17,11,115,55,79,92,129,62,20" hai3="107,123,100,101,34,1,21,83,67,53,39,36,72"/><V85/><F117/><N who="0" m="45130" /><D75/><U46/><E113/><V3/><F115/><W81/><G1/><T77/><D105/><U82/><E120/><V125/><F129/><W68/><G123/><T64/><D77/><U135/><E135/><V114/><F125/><W131/><G131/><T89/><D15/><U106/><E82/><V84/><F31/><W49/><G107/><T93/><D26/><U32/><E23/><V108/><F108/><W94/><G94/><T91/><D93/><U45/><E9/><V88/><F74/><W128/><G128/><T48/><D122/><U30/><E30/><V10/><F3/><W95/><G95/><T41/><D41/><U6/><E6/><V38/><F114/><W134/><G134/><T130/><D130/><U5/><E5/><V133/><F133/><W58/><G21/><T73/><D73/><U110/><E63/><V99/><F79/><W69/><G72/><T112/><D112/><U18/><E18/><V14/><F10/><W121/><G121/><T56/><D50/><U37/><REACH who="1" step="1"/><E45/><AGARI ba="0,0" hai="45,48,54,56,61,64,89,90,91,97,98" m="45130" machi="45" ten="30,1000,0" yaku="12,1" doraHai="28" who="0" fromWho="1" sc="142,10,292,-10,435,0,131,0" /><INIT seed="7,0,0,5,3,6" ten="152,282,435,131" oya="3" hai0="88,101,133,124,76,19,81,128,16,135,64,115,122" hai1="7,48,80,132,2,130,33,86,67,56,58,94,119" hai2="98,114,84,61,34,14,47,74,44,116,117,27,24" hai3="60,112,28,45,26,97,49,104,12,106,63,39,43"/><W37/><G112/><T50/><D122/><U4/><E33/><V31/><F74/><W46/><G97/><T23/><D101/><U91/><E130/><V62/><F114/><W29/><G12/><T85/><D115/><U9/><E132/><N who="0" m="50761" /><D128/><U17/><E119/><V83/><F14/><W108/><G108/><T71/><D124/><U57/><E7/><V99/><F84/><W89/><G89/><T82/><D50/><U69/><E69/><V15/><F31/><W100/><G100/><T118/><D118/><U129/><E129/><V0/><F34/><W90/><G90/><T52/><D52/><U110/><E110/><V92/><F15/><W113/><G113/><T65/><D71/><U3/><E3/><V93/><F83/><W95/><G95/><T123/><D123/><U102/><E67/><N who="0" m="25673" /><D23/><U55/><E17/><V18/><F18/><W105/><G29/><T30/><D30/><U79/><REACH who="1" step="1"/><E102/><REACH who="1" ten="152,272,435,131" step="2"/><V59/><F0/><W77/><G77/><T109/><D109/><U36/><E36/><V40/><F117/><W96/><G96/><AGARI ba="0,1" hai="2,4,9,48,55,56,57,58,79,80,86,91,94,96" machi="96" ten="30,3900,0" yaku="1,1,7,1,52,1,53,0" doraHai="6" doraHaiUra="22" who="1" fromWho="3" sc="152,0,272,49,435,0,131,-39" owari="152,-25.0,321,12.0,435,54.0,92,-41.0" /></mjloggm>