<mjloggm ver="2.3"><GO type="185" lobby="0"/><UN n0="%E3%82%B2%E3%83%B3%E3%82%BA" n1="%E2%98%86%E3%83%97%E3%83%A9%E3%83%81%E3%83%8A" n2="%E6%A2%B6%E9%9A%86%E8%87%A3" n3="" dan="16,16,17,0" rate="2076.61,2209.84,2278.21,1500.00" sx="M,M,M,C"/><TAIKYOKU oya="0"/><INIT seed="0,0,0,3,4,75" ten="350,350,350,0" oya="0" hai0="116,61,111,90,104,133,115,101,68,3,125,121,88" hai1="50,94,71,69,67,2,46,65,127,39,59,41,52" hai2="83,135,105,84,42,134,57,37,124,32,70,85,81" hai3=""/><T95/><RYUUKYOKU type="yao9" ba="0,0" sc="350,0,350,0,350,0,0,0" hai0="3,61,68,88,90,95,101,104,111,115,116,121,125,133" /><INIT seed="0,1,0,4,2,116" ten="350,350,350,0" oya="0" hai0="99,34,52,48,79,108,85,1,118,71,45,134,93" hai1="61,0,43,73,92,100,123,55,110,109,69,91,80" hai2="130,66,96,50,32,53,46,114,113,35,88,119,65" hai3=""/><T102/><D118/><U63/><N who="1" m="31520" /><U70/><E0/><V83/><F119/><T105/><D1/><U47/><E100/><V75/><F130/><T57/><D34/><U117/><E117/><V95/><F32/><T106/><D134/><U3/><E3/><V120/><N who="2" m="30752" /><V126/><F126/><T59/><D71/><N who="1" m="27147" /><E55/><V40/><F35/><T38/><D108/><N who="1" m="41579" /><E80/><V103/><F53/><T60/><D38/><U78/><E78/><V128/><F128/><T64/><D79/><U135/><E73/><V56/><F75/><T58/><REACH who="0" step="1"/><D106/><REACH who="0" ten="340,350,350,0" step="2"/><U33/><E135/><V72/><F113/><T74/><D74/><U82/><E33/><V37/><F114/><T124/><D124/><U125/><E125/><V129/><F72/><T121/><N who="0" m="31008" /><T112/><D112/><U111/><E111/><V133/><F129/><T94/><D94/><U42/><E92/><V97/><F133/><T76/><D76/><U36/><E82/><V81/><F83/><T39/><D39/><U62/><E91/><AGARI ba="1,1" hai="45,48,52,57,58,59,60,64,85,91,93,99,102,105" m="31008" machi="91" ten="40,12000,1" yaku="1,1,52,2,54,1,53,0" doraHai="116" doraHaiUra="67" who="0" fromWho="1" sc="340,132,350,-122,350,0,0,0" /><INIT seed="0,2,0,5,5,74" ten="472,228,350,0" oya="0" hai0="112,52,114,1,102,37,80,116,68,39,56,77,32" hai1="124,51,73,130,134,57,33,45,87,108,125,54,105" hai2="46,36,40,85,117,81,95,119,132,47,103,69,64" hai3=""/><T3/><D116/><N who="2" m="44618" /><F132/><T127/><D32/><U42/><E105/><V126/><F126/><N who="1" m="48745" /><E73/><V79/><F47/><T118/><D127/><U110/><E33/><V63/><F95/><T65/><D102/><AGARI ba="2,0" hai="36,40,46,63,64,69,79,81,85,102,103" m="44618" machi="102" ten="30,2000,0" yaku="12,1,52,1" doraHai="74" who="2" fromWho="0" sc="472,-24,228,0,350,24,0,0" /><INIT seed="1,0,0,2,4,88" ten="448,228,374,0" oya="1" hai0="67,101,63,65,38,72,56,126,43,110,133,35,131" hai1="76,120,132,129,112,102,94,73,47,37,36,32,60" hai2="91,104,0,82,135,111,51,64,124,80,62,117,125" hai3=""/><U70/><N who="1" m="30752" /><U78/><E112/><V105/><F117/><T130/><D35/><U98/><E32/><V53/><F0/><T92/><D72/><U54/><E129/><V109/><F135/><T1/><D133/><U85/><E132/><V121/><N who="2" m="31008" /><V100/><F51/><T68/><D1/><U99/><E73/><V114/><F53/><T33/><D33/><U79/><E85/><V69/><F114/><T44/><D126/><N who="2" m="48746" /><F91/><T55/><D67/><U59/><E70/><V127/><N who="2" m="48754" /><V39/><DORA hai="71" /><F39/><T81/><D81/><N who="2" m="31338" /><F100/><T97/><REACH who="0" step="1"/><D110/><AGARI ba="0,0" hai="62,64,69,104,105,109,110,111" m="31338,48754,31008" machi="110" ten="50,6400,0" yaku="14,1,18,1,52,1" doraHai="88,71" who="2" fromWho="0" sc="448,-64,228,0,374,64,0,0" /><INIT seed="2,0,0,3,5,3" ten="384,228,438,0" oya="2" hai0="99,79,74,80,122,53,50,32,88,121,59,73,54" hai1="108,87,113,95,128,130,125,75,131,36,60,118,117" hai2="62,37,105,115,91,84,55,97,61,69,120,82,39" hai3=""/><V42/><N who="2" m="30752" /><V132/><F115/><T133/><N who="0" m="31008" /><T0/><N who="0" m="31264" /><T68/><D0/><U58/><E36/><V64/><F132/><T56/><D133/><U57/><E75/><V135/><F135/><T66/><D32/><U129/><E113/><V101/><REACH who="2" step="1"/><F42/><REACH who="2" ten="384,228,428,0" step="2"/><T52/><D74/><U34/><E34/><V46/><F46/><T123/><N who="0" m="31520" /><T112/><D112/><U124/><E108/><V45/><F45/><T93/><REACH who="0" step="1"/><D68/><REACH who="0" ten="374,228,428,0" step="2"/><U86/><E128/><V43/><F43/><T116/><D116/><U76/><E131/><V98/><F98/><T47/><D47/><U51/><E118/><V78/><F78/><T89/><D89/><U102/><E117/><V38/><F38/><T48/><D48/><U111/><E129/><V63/><F63/><AGARI ba="0,2" hai="50,52,53,54,56,59,63,66,73,79,80,88,93,99" m="31520,31264,31008" machi="63" ten="40,12000,2" yaku="1,1,52,3,54,2,53,1" doraHai="3" doraHaiUra="94" who="0" fromWho="2" sc="374,140,228,0,428,-120,0,0" /><INIT seed="4,0,0,1,0,58" ten="514,228,308,0" oya="0" hai0="41,102,65,103,86,96,66,75,104,125,85,63,35" hai1="131,60,116,50,62,127,78,129,132,91,3,80,87" hai2="42,74,38,117,67,1,77,114,37,33,0,44,100" hai3=""/><T54/><D35/><U106/><E116/><V90/><F33/><T108/><D75/><U126/><E3/><V81/><F117/><T122/><N who="0" m="31264" /><T32/><D32/><U93/><E106/><V48/><F114/><T39/><D125/><N who="1" m="47627" /><E50/><V99/><F90/><T135/><D135/><U88/><E91/><V107/><F38/><T112/><D112/><U40/><E40/><V73/><F73/><T101/><D108/><U134/><E62/><V130/><F130/><N who="1" m="49673" /><E60/><V95/><F67/><T111/><D66/><U89/><E89/><V69/><F69/><T36/><D41/><U120/><N who="1" m="30752" /><U43/><E43/><V52/><REACH who="2" step="1"/><F107/><REACH who="2" ten="514,228,298,0" step="2"/><T59/><D65/><U79/><E79/><V47/><AGARI ba="0,1" hai="0,1,37,42,44,47,48,52,74,77,81,95,99,100" machi="47" ten="20,6000,1" yaku="1,1,2,1,0,1,7,1,54,1,53,0" doraHai="58" doraHaiUra="64" who="2" fromWho="2" sc="514,-40,228,-20,298,70,0,0" /><INIT seed="5,0,0,3,3,101" ten="474,208,368,0" oya="1" hai0="32,123,78,132,108,54,98,100,124,91,53,2,80" hai1="38,1,103,35,58,67,119,97,61,88,92,85,112" hai2="105,64,110,102,42,71,94,89,114,86,0,60,131" hai3=""/><U65/><E119/><V93/><F110/><T104/><N who="0" m="31520" /><T73/><D108/><U76/><E35/><V57/><F0/><T70/><D2/><U127/><E1/><V82/><F131/><T66/><D124/><U121/><N who="1" m="31008" /><U133/><E127/><V115/><F42/><T128/><D32/><U59/><E38/><V135/><F135/><T43/><D43/><U96/><E133/><V69/><F105/><T75/><D75/><U81/><E112/><N who="2" m="43051" /><F102/><T50/><D132/><U122/><N who="1" m="31264" /><U90/><E97/><V44/><F44/><T49/><D70/><AGARI ba="0,0" hai="57,60,64,69,70,71,82,86,89,93,94" m="43051" machi="70" ten="30,2000,0" yaku="15,1,11,1" doraHai="101" who="2" fromWho="0" sc="474,-20,208,0,368,20,0,0" /><INIT seed="6,0,0,3,3,72" ten="454,208,388,0" oya="2" hai0="61,51,73,43,95,93,107,75,89,40,96,120,52" hai1="60,88,99,71,38,118,112,106,68,125,130,91,67" hai2="101,87,127,66,123,34,117,121,110,42,0,111,35" hai3=""/><V32/><N who="2" m="31008" /><V74/><N who="2" m="31520" /><V79/><F0/><T90/><N who="0" m="30752" /><T59/><D107/><U54/><E54/><V46/><F117/><T85/><REACH who="0" step="1"/><D61/><REACH who="0" ten="444,208,388,0" step="2"/><U55/><E106/><V109/><F127/><T70/><D70/><U135/><E71/><V57/><F74/><AGARI ba="0,1" hai="40,43,51,52,59,73,74,75,85,89,90,93,95,96" m="30752" machi="74" ten="40,8000,1" yaku="1,1,52,1,54,1,53,1" doraHai="72" doraHaiUra="83" who="0" fromWho="2" sc="444,90,208,0,388,-80,0,0" owari="534,48.0,208,-39.0,308,-9.0,0,0.0" /></mjloggm>