<mjloggm ver="2.3"><GO type="169" lobby="0"/><UN n0="%E9%AB%98%E6%A9%8B%E8%89%AF%E5%A4%AA" n1="%42%49%47%42%4F%53%53" n2="%E3%81%BE%E3%81%81%E3%81%8C%E3%82%8A%E3%82%93" n3="%4D%41%4B%30%31%30%34" dan="17,16,17,16" rate="2219.63,2132.20,2157.33,2125.58" sx="M,M,M,M"/><TAIKYOKU oya="0"/><INIT seed="0,0,0,3,1,72" ten="250,250,250,250" oya="0" hai0="102,58,23,4,78,49,111,112,18,119,11,21,132" hai1="20,79,76,95,61,80,22,39,117,127,126,26,14" hai2="3,83,48,44,12,6,105,63,41,97,47,52,50" hai3="99,27,92,71,94,131,96,57,125,0,121,86,116"/><T60/><D119/><U87/><E117/><V93/><F3/><W120/><G71/><T31/><D112/><U9/><E39/><V70/><F105/><W66/><G0/><T89/><D132/><U100/><E61/><V19/><F70/><W29/><G116/><T33/><D33/><U25/><E126/><V42/><F6/><W108/><G125/><T40/><D102/><U13/><E127/><V53/><F63/><W10/><G10/><T114/><D114/><U56/><E56/><V69/><F69/><W75/><G75/><T104/><D104/><U101/><E80/><V2/><F2/><W46/><G46/><T130/><D89/><U59/><E59/><V38/><F38/><W129/><G57/><T68/><D31/><U115/><E115/><V15/><F83/><W84/><G66/><T34/><D34/><U30/><E87/><V67/><F67/><W35/><G27/><T73/><D4/><N who="1" m="3239" /><E14/><V110/><F110/><W65/><G65/><T81/><D111/><U91/><E100/><V109/><F109/><W64/><G64/><N who="0" m="38935" /><D130/><U62/><E62/><V106/><F106/><W85/><G29/><T17/><D68/><U54/><E54/><V7/><F7/><W88/><G35/><T133/><D133/><U24/><E91/><N who="2" m="55487" /><F12/><W1/><G1/><T43/><D73/><U135/><E135/><V124/><F124/><W90/><REACH who="3" step="1"/><G108/><REACH who="3" ten="250,250,250,240" step="2"/><T55/><D11/><AGARI ba="0,1" hai="11,15,19,41,42,44,47,48,50,52,53" m="55487" machi="11" ten="30,2000,0" yaku="8,1,54,1" doraHai="72" who="2" fromWho="0" sc="250,-20,250,0,250,30,240,0" /><INIT seed="1,0,0,2,4,126" ten="230,250,280,240" oya="1" hai0="71,95,6,92,73,52,88,110,26,98,9,44,3" hai1="27,28,107,123,59,33,34,99,30,70,48,113,32" hai2="102,65,16,56,66,14,82,31,22,0,29,53,111" hai3="61,35,101,38,67,20,108,105,74,18,122,46,106"/><U80/><E113/><V24/><F111/><W119/><G108/><T134/><D110/><U13/><E123/><V19/><F0/><W116/><G122/><T54/><D71/><U84/><E70/><V7/><F7/><W51/><G35/><T76/><D134/><U47/><E59/><V17/><F102/><W97/><G74/><T127/><D127/><U125/><E125/><V72/><F72/><W85/><G38/><T8/><D8/><U115/><E115/><V23/><F82/><W45/><G85/><T130/><D26/><U120/><E120/><V68/><F68/><W57/><G106/><T10/><D10/><U87/><E13/><V81/><F81/><W58/><G57/><T128/><D73/><U15/><E15/><V5/><F5/><W117/><REACH who="3" step="1"/><G51/><REACH who="3" ten="230,250,280,230" step="2"/><T91/><D76/><U86/><E80/><V118/><F118/><W135/><G135/><T132/><D132/><U77/><E77/><V129/><F56/><W103/><G103/><T43/><D43/><U4/><E107/><V12/><F66/><W42/><G42/><T131/><D44/><U94/><E33/><V75/><F75/><W1/><G1/><T64/><D64/><U121/><E121/><V124/><F65/><W93/><G93/><T39/><D39/><U83/><E83/><V36/><F36/><W25/><AGARI ba="0,1" hai="18,20,25,45,46,58,61,67,97,101,105,116,117,119" machi="25" ten="30,4000,0" yaku="1,1,0,1,12,1,53,0" doraHai="126" doraHaiUra="69" who="3" fromWho="3" sc="230,-10,250,-20,280,-10,230,50" /><INIT seed="2,0,0,5,1,72" ten="220,230,270,280" oya="2" hai0="44,62,108,60,18,79,77,29,123,35,15,135,39" hai1="75,131,125,69,80,5,103,85,55,126,45,100,53" hai2="40,14,121,76,31,82,122,84,81,3,98,58,132" hai3="30,54,87,70,89,33,99,93,17,67,19,107,95"/><V64/><F3/><W118/><G118/><T16/><D123/><U51/><E75/><V56/><F40/><W104/><G67/><T59/><D135/><U25/><E69/><V120/><F31/><W134/><G70/><T71/><D71/><U1/><E131/><V28/><F28/><W6/><G134/><T2/><D2/><U42/><E25/><V97/><F132/><W111/><G6/><T38/><D108/><U24/><E5/><V8/><F82/><W13/><G111/><T32/><D29/><U65/><E65/><V73/><F73/><W27/><G54/><N who="1" m="20490" /><E1/><V34/><F34/><W48/><G48/><T78/><D44/><U106/><E106/><V91/><F64/><W129/><G129/><T96/><D96/><U41/><E24/><V119/><F119/><W112/><G19/><N who="0" m="7211" /><D59/><U94/><E41/><V101/><F91/><W0/><G112/><T47/><D47/><U11/><E125/><V12/><F98/><W57/><G57/><T46/><D46/><U61/><E126/><V114/><F114/><W102/><G0/><T23/><D23/><AGARI ba="0,0" hai="13,17,23,27,30,33,87,89,93,95,99,102,104,107" machi="23" ten="30,1000,0" yaku="7,1" doraHai="72" who="3" fromWho="0" sc="220,-10,230,0,270,0,280,10" /><INIT seed="3,0,0,3,0,64" ten="210,230,270,290" oya="3" hai0="116,120,133,108,45,96,63,43,40,128,95,62,134" hai1="74,127,26,76,118,110,68,61,37,129,52,98,59" hai2="0,1,28,35,49,38,50,70,101,58,86,126,48" hai3="122,39,36,73,97,100,16,66,60,13,91,69,34"/><W11/><G122/><T121/><D95/><U12/><E37/><V67/><F38/><W132/><G132/><N who="0" m="50795" /><D96/><U2/><E2/><V30/><F101/><W135/><G135/><T83/><D83/><U17/><E110/><V104/><F104/><W3/><G34/><T99/><D99/><U115/><E115/><V125/><F58/><W15/><G73/><T20/><D20/><U14/><E129/><V27/><F86/><W24/><G91/><T56/><D128/><U51/><E127/><N who="2" m="48651" /><F28/><W92/><G3/><N who="2" m="1097" /><F67/><W111/><G111/><T84/><D84/><U71/><E98/><V29/><F30/><W4/><REACH who="3" step="1"/><G24/><REACH who="3" ten="210,230,270,280" step="2"/><T65/><D108/><U42/><E26/><V82/><F82/><W117/><G117/><T103/><D103/><U75/><E118/><V79/><F79/><W85/><G85/><T55/><D116/><U131/><E131/><V72/><F72/><W46/><G46/><T21/><D45/><N who="1" m="26039" /><E76/><V25/><F27/><W33/><G33/><T41/><D21/><AGARI ba="0,1" hai="4,11,13,15,16,21,36,39,60,66,69,92,97,100" machi="21" ten="30,11600,0" yaku="1,1,7,1,52,1,54,1,53,0" doraHai="64" doraHaiUra="130" who="3" fromWho="0" sc="210,-116,230,0,270,0,280,126" /><INIT seed="3,1,0,4,4,70" ten="94,230,270,406" oya="3" hai0="13,59,124,26,35,107,120,106,72,89,39,57,118" hai1="113,0,69,121,109,17,71,94,101,12,83,5,91" hai2="3,119,19,115,81,135,74,123,15,104,80,33,66" hai3="9,99,112,79,49,54,134,122,56,7,88,21,14"/><W38/><G122/><T47/><D120/><U105/><E121/><V41/><F66/><W93/><G112/><T129/><D118/><U25/><E113/><V62/><F62/><W68/><G134/><T2/><D2/><U128/><E109/><V30/><F41/><W6/><G68/><T130/><D72/><U77/><E128/><N who="0" m="49257" /><D124/><U36/><E25/><V132/><F81/><W127/><G127/><T63/><D89/><U73/><E5/><V64/><F64/><W117/><G117/><T48/><D39/><U31/><E31/><V61/><F74/><W100/><G79/><T133/><D133/><U102/><E0/><V82/><F82/><W116/><G116/><T65/><D59/><U111/><E101/><V10/><F3/><W37/><G6/><T20/><D13/><U125/><E36/><V43/><F15/><W78/><G78/><T23/><D35/><U22/><E111/><V84/><F33/><W60/><G49/><T126/><D126/><U40/><E40/><V28/><F43/><W97/><G21/><N who="0" m="8267" /><D26/><U98/><REACH who="1" step="1"/><E125/><REACH who="1" ten="94,220,270,406" step="2"/><V27/><F27/><W16/><G7/><T11/><D11/><U8/><E8/><V108/><F10/><W92/><AGARI ba="1,1" hai="9,14,16,37,38,54,56,60,88,92,93,97,99,100" machi="92" ten="20,18000,2" yaku="0,1,7,1,52,2,54,2" doraHai="70" who="3" fromWho="3" sc="94,-61,220,-61,270,-61,406,193" /><INIT seed="3,2,0,2,0,127" ten="33,159,209,599" oya="3" hai0="39,35,56,51,43,25,106,66,114,53,23,20,87" hai1="88,89,121,130,90,70,81,18,30,119,110,36,0" hai2="19,47,34,100,133,5,48,102,79,16,108,125,29" hai3="131,14,105,80,24,8,104,124,75,101,91,9,59"/><W109/><G124/><T84/><D106/><U69/><E36/><V27/><F125/><W52/><G109/><T132/><D35/><U37/><E37/><V42/><F108/><W98/><G104/><T2/><D2/><U122/><E0/><V95/><F133/><W55/><G131/><T73/><D73/><U46/><E130/><V118/><F118/><W135/><G135/><T96/><D96/><U83/><E110/><V103/><F5/><W129/><G129/><T44/><D132/><U123/><E119/><V63/><F79/><W115/><G115/><T32/><D32/><U21/><E46/><V68/><REACH who="2" step="1"/><F95/><REACH who="2" ten="33,159,199,599" step="2"/><W26/><G105/><T97/><D114/><U1/><E123/><V78/><F78/><W40/><G75/><T62/><D97/><U11/><E122/><V41/><F41/><W117/><G40/><T113/><D113/><U50/><E121/><V71/><F71/><W33/><G98/><T134/><D134/><U13/><E70/><V85/><F85/><W99/><G99/><T6/><D6/><U112/><E69/><V49/><F49/><W116/><G117/><T17/><D23/><U28/><E50/><V60/><F60/><W111/><G116/><T67/><REACH who="0" step="1"/><D67/><AGARI ba="2,1" hai="16,19,27,29,34,42,47,48,63,67,68,100,102,103" machi="67" ten="40,2600,0" yaku="1,1,54,1,53,0" doraHai="127" doraHaiUra="94" who="2" fromWho="0" sc="33,-32,159,0,199,42,599,0" /><INIT seed="4,0,0,1,3,49" ten="1,159,241,599" oya="0" hai0="90,121,7,93,82,34,100,132,30,114,40,5,12" hai1="105,106,85,83,45,94,95,59,26,56,19,71,39" hai2="124,102,118,48,133,36,23,11,122,16,101,60,35" hai3="1,28,58,78,129,64,103,128,67,18,10,37,9"/><T51/><D121/><U99/><E71/><V29/><F36/><W126/><G37/><T6/><D132/><U113/><E105/><V3/><F122/><W38/><G38/><T84/><D114/><U22/><E106/><V43/><F60/><W135/><G103/><T80/><D34/><U73/><E73/><V134/><F118/><W96/><G96/><N who="0" m="59407" /><D30/><U116/><E116/><V20/><F124/><W57/><G28/><T120/><D120/><U68/><E68/><V70/><F70/><W89/><G126/><T110/><D110/><U72/><E72/><V69/><F69/><W32/><G32/><T115/><D115/><U14/><E39/><V24/><F43/><W86/><G1/><T44/><D82/><U25/><E45/><V61/><F61/><W109/><G109/><T21/><D21/><U33/><E33/><V46/><F46/><W130/><G135/><N who="2" m="51721" /><F48/><W111/><G111/><T79/><D12/><U63/><E63/><V119/><F119/><W53/><G130/><T54/><D79/><U27/><E113/><V15/><F101/><W50/><G78/><T98/><D98/><U76/><E99/><V123/><F102/><W117/><G117/><T77/><D77/><U8/><E22/><N who="2" m="8235" /><F123/><W107/><G129/><T4/><N who="0" m="1024" /><DORA hai="125" /><T92/><D92/><AGARI ba="0,0" hai="8,14,19,25,26,27,56,59,76,83,85,92,94,95" machi="92" ten="40,1300,0" yaku="8,1" doraHai="49,125" who="1" fromWho="0" sc="1,-13,159,13,241,0,599,0" owari="-12,-51.0,172,-23.0,241,4.0,599,70.0" /></mjloggm>