<mjloggm ver="2.3"><GO type="169" lobby="0"/><UN n0="%E6%AF%94%E5%98%89%E7%A7%80%E4%BB%81" n1="%E6%9B%BF%E7%8E%89%E5%9B%BA%E9%BA%BA" n2="%E6%9A%A2%E4%B8%80" n3="%E7%84%A6%E7%87%A5%E3%81%AE%E3%83%90%E3%83%A9%E3%83%83%E3%83%89" dan="16,16,16,17" rate="2133.09,2069.80,2029.78,2131.82" sx="M,M,M,M"/><TAIKYOKU oya="0"/><INIT seed="0,0,0,3,1,129" ten="250,250,250,250" oya="0" hai0="98,28,72,133,103,94,110,32,12,125,117,51,123" hai1="99,75,33,44,20,88,112,89,80,124,38,78,40" hai2="70,58,47,29,87,100,76,81,126,111,85,119,7" hai3="95,15,134,67,69,10,105,34,26,120,131,23,96"/><T48/><D123/><U62/><E33/><V57/><F111/><W109/><G109/><T108/><D117/><U79/><E124/><V30/><F126/><W83/><G131/><T18/><D125/><U128/><E128/><V17/><F7/><W68/><G120/><T0/><D0/><U92/><E112/><V61/><F100/><N who="3" m="62599" /><G95/><T42/><D72/><U49/><E79/><V114/><F114/><W106/><G106/><T54/><D42/><U2/><E2/><V31/><F47/><W36/><G83/><T63/><D63/><U60/><E38/><V11/><F119/><W22/><G36/><T37/><D37/><U91/><REACH who="1" step="1"/><E20/><REACH who="1" ten="250,240,250,250" step="2"/><V102/><F102/><AGARI ba="0,1" hai="40,44,49,60,62,75,78,80,88,89,91,92,99,102" machi="102" ten="40,5200,0" yaku="1,1,2,1,54,1,53,0" doraHai="129" doraHaiUra="1" who="1" fromWho="2" sc="250,0,240,62,250,-52,250,0" /><INIT seed="1,0,0,2,3,5" ten="250,302,198,250" oya="1" hai0="34,85,7,4,73,122,13,79,48,116,81,63,87" hai1="55,2,40,118,126,60,14,131,94,112,43,44,58" hai2="84,76,15,88,78,68,135,67,52,16,46,128,125" hai3="115,9,105,39,113,54,49,30,123,75,19,61,133"/><U98/><E118/><V109/><F109/><W6/><G123/><T8/><D116/><U23/><E112/><V129/><F125/><W27/><G105/><T0/><D122/><U33/><E33/><V38/><F135/><W89/><G133/><T45/><D34/><U110/><E2/><V21/><F68/><W20/><G39/><T42/><REACH who="0" step="1"/><D63/><REACH who="0" ten="240,302,198,250" step="2"/><U24/><E126/><V108/><F108/><W31/><G115/><T62/><D62/><U77/><E110/><V72/><F67/><W104/><G61/><T70/><D70/><U37/><E131/><N who="2" m="50251" /><F72/><W103/><G113/><T32/><D32/><U107/><E60/><V97/><F97/><W10/><G75/><T1/><D1/><U25/><E98/><V66/><F66/><W124/><G124/><T36/><D36/><U117/><E37/><V92/><F38/><W29/><G104/><T28/><D28/><U100/><E107/><V17/><F17/><W26/><G31/><T121/><D121/><U12/><E117/><V18/><F18/><W127/><G127/><T93/><D93/><U35/><E94/><V53/><F53/><W134/><G134/><T41/><D41/><U71/><E43/><V96/><F96/><W65/><G65/><T99/><D99/><U74/><E55/><V51/><AGARI ba="0,1" hai="15,16,21,46,51,52,76,78,84,88,92" m="50251" machi="51" ten="30,7900,0" yaku="19,1,54,3" doraHai="5" who="2" fromWho="2" sc="240,-20,302,-39,198,89,250,-20" /><INIT seed="2,0,0,1,1,6" ten="220,263,287,230" oya="2" hai0="49,33,132,20,40,97,78,134,85,43,15,28,130" hai1="53,122,59,60,117,30,12,69,45,24,4,103,77" hai2="54,79,70,63,83,46,73,91,44,25,75,133,120" hai3="67,3,5,2,56,57,115,29,9,99,8,71,65"/><V131/><F131/><W17/><G115/><T38/><D38/><U127/><E117/><V121/><F133/><N who="0" m="51306" /><D130/><U96/><E127/><V102/><F102/><W36/><G36/><T81/><D33/><U86/><E122/><V26/><F91/><W66/><G71/><T32/><D32/><U119/><E119/><V89/><F89/><W101/><G29/><T76/><D76/><U31/><E69/><V50/><F44/><W0/><G17/><N who="0" m="10303" /><D28/><U111/><E111/><V10/><F73/><W64/><N who="3" m="16896" /><DORA hai="72" /><W80/><G80/><T52/><D97/><U94/><E45/><AGARI ba="0,0" hai="40,43,45,49,52,78,81,85" m="10303,51306" machi="45" ten="30,3900,0" yaku="20,1,52,1,54,1" doraHai="6,72" who="0" fromWho="1" sc="220,39,263,-39,287,0,230,0" /><INIT seed="3,0,0,1,3,122" ten="259,224,287,230" oya="3" hai0="135,110,88,105,46,67,119,104,123,94,73,28,65" hai1="33,78,84,89,53,118,55,66,106,127,11,3,49" hai2="114,12,133,18,82,102,24,58,121,134,37,51,30" hai3="34,31,131,8,128,100,115,29,14,43,35,44,59"/><W39/><G115/><T90/><D123/><U52/><E33/><V111/><F37/><W57/><G100/><T96/><D119/><U17/><E106/><V97/><F114/><W68/><G68/><T69/><D73/><U9/><E118/><V132/><F82/><W83/><G83/><T129/><D129/><N who="3" m="49737" /><G35/><T64/><D69/><U36/><E36/><V108/><F58/><N who="3" m="22027" /><G34/><T80/><D135/><U42/><E127/><V124/><F51/><W21/><G21/><T0/><D0/><U74/><E66/><V38/><F38/><W19/><AGARI ba="0,0" hai="8,14,19,29,31,39,43,44" m="22027,49737" machi="19" ten="30,1500,0" yaku="19,1" doraHai="122" who="3" fromWho="3" sc="259,-5,224,-5,287,-5,230,15" /><INIT seed="3,1,0,5,4,37" ten="254,219,282,245" oya="3" hai0="99,100,68,16,10,18,89,38,83,70,24,31,85" hai1="73,43,103,48,22,51,53,47,97,1,14,20,50" hai2="122,118,42,114,93,46,110,112,96,15,135,78,77" hai3="82,58,26,117,9,62,98,39,52,101,59,126,107"/><W61/><G117/><T104/><D38/><U76/><E1/><V57/><F118/><W6/><G126/><T12/><REACH who="0" step="1"/><D18/><REACH who="0" ten="244,219,282,245" step="2"/><U44/><E51/><V36/><F36/><W40/><G26/><T130/><D130/><U65/><E65/><V60/><F122/><W4/><G82/><T124/><D124/><U8/><E73/><V45/><F135/><W55/><REACH who="3" step="1"/><G9/><REACH who="3" ten="244,219,282,235" step="2"/><T92/><D92/><N who="1" m="58791" /><E76/><V86/><F93/><W88/><G88/><T63/><D63/><U113/><E113/><V19/><F60/><W91/><G91/><T3/><D3/><U29/><E29/><V64/><F78/><W67/><G67/><T90/><D90/><U128/><E128/><V87/><F77/><W27/><G27/><T106/><D106/><U94/><E94/><V34/><F64/><W115/><G115/><T95/><D95/><U35/><E35/><AGARI ba="1,2" hai="10,12,16,24,31,35,68,70,83,85,89,99,100,104" machi="35" ten="30,3900,0" yaku="1,1,7,1,54,1,53,0" doraHai="37" doraHaiUra="49" who="0" fromWho="1" sc="244,62,219,-42,282,0,235,0" /><INIT seed="4,0,0,5,0,74" ten="306,177,282,235" oya="0" hai0="93,22,114,91,30,11,29,76,18,14,108,44,85" hai1="49,94,5,71,134,69,45,59,106,97,28,31,12" hai2="50,104,47,17,72,60,88,26,13,2,127,0,41" hai3="81,67,135,96,20,6,55,125,38,75,99,16,46"/><T132/><D114/><U116/><E116/><V70/><F127/><W66/><G125/><T48/><D132/><U58/><E134/><V35/><F72/><W86/><G75/><T21/><D108/><U103/><E106/><V3/><F104/><W133/><G6/><T9/><D76/><U79/><E71/><V62/><F70/><W105/><G105/><T32/><D32/><U128/><E69/><V7/><F7/><W123/><G123/><T25/><REACH who="0" step="1"/><D30/><REACH who="0" ten="296,177,282,235" step="2"/><U54/><E79/><V92/><F35/><W102/><G135/><T77/><D77/><U40/><E128/><V131/><F131/><W109/><G133/><T111/><D111/><U1/><E31/><V56/><F26/><W53/><G109/><T107/><D107/><U23/><E28/><V51/><F2/><W129/><G129/><T73/><D73/><U120/><E1/><V43/><F0/><W24/><G24/><T68/><D68/><U121/><E121/><V15/><F3/><W80/><G80/><T119/><D119/><U64/><E120/><V98/><F13/><W37/><G81/><T118/><D118/><U112/><E112/><V8/><F41/><AGARI ba="0,1" hai="9,11,14,18,21,22,25,29,41,44,48,85,91,93" machi="41" ten="30,5800,0" yaku="1,1,7,1,8,1,53,0" doraHai="74" doraHaiUra="126" who="0" fromWho="2" sc="296,68,177,0,282,-58,235,0" /><INIT seed="4,1,0,2,0,46" ten="364,177,224,235" oya="0" hai0="15,109,130,118,127,83,38,98,33,133,96,128,110" hai1="52,40,50,113,8,58,95,32,107,48,39,59,21" hai2="119,108,81,18,55,70,111,72,54,62,116,47,29" hai3="82,26,69,88,60,77,23,41,85,36,123,132,126"/><T20/><D38/><U5/><E107/><V49/><F29/><W10/><G132/><T93/><D33/><U64/><E32/><V105/><F105/><W131/><G131/><N who="0" m="50219" /><D20/><U12/><E113/><V42/><F18/><W84/><G10/><T37/><D37/><U43/><E39/><V16/><F16/><W122/><G126/><T106/><D15/><U13/><E95/><V103/><F103/><W30/><G36/><T14/><D14/><U56/><E64/><N who="2" m="41239" /><F81/><W74/><G41/><N who="1" m="15946" /><E13/><V51/><F72/><W24/><G24/><T28/><D28/><U63/><E21/><V65/><F65/><W31/><G30/><T115/><D115/><U100/><E100/><V4/><F4/><W101/><G101/><N who="0" m="62775" /><D127/><U73/><E73/><V120/><F120/><N who="3" m="46123" /><G74/><T129/><N who="0" m="50227" /><T121/><DORA hai="68" /><D121/><U80/><E80/><V57/><F42/><W3/><G31/><T135/><D118/><AGARI ba="1,0" hai="47,49,51,54,55,57,108,111,116,118,119" m="41239" machi="118" ten="30,8000,1" yaku="12,1,34,2,52,2" doraHai="46,68" who="2" fromWho="0" sc="364,-83,177,0,224,83,235,0" /><INIT seed="5,0,0,0,0,123" ten="281,177,307,235" oya="1" hai0="43,82,0,23,38,96,97,67,108,3,61,100,50" hai1="126,130,111,7,69,60,85,29,48,131,55,57,1" hai2="72,22,49,33,30,120,83,31,35,17,92,47,24" hai3="39,95,70,118,91,54,81,134,84,65,46,21,64"/><U4/><E29/><V135/><F135/><W44/><G118/><T58/><D108/><U122/><E122/><V20/><F120/><W56/><G134/><T26/><D38/><U103/><E103/><V8/><F8/><W34/><G34/><T121/><D82/><U9/><E7/><V112/><F112/><W115/><G115/><T99/><D121/><U107/><E107/><V6/><F6/><W53/><G70/><T124/><D124/><U51/><E126/><V87/><F92/><W73/><G73/><T109/><D109/><U28/><E111/><V36/><F36/><W132/><G132/><T79/><D79/><U98/><E98/><V68/><F68/><W117/><G39/><T119/><D119/><U18/><E28/><V63/><F63/><N who="3" m="36239" /><G21/><T74/><D74/><U90/><E90/><V10/><F72/><W114/><G117/><T101/><D3/><U77/><E18/><V66/><F17/><W19/><G19/><N who="0" m="12671" /><D0/><U27/><E27/><V52/><F10/><W104/><G104/><T105/><D105/><U11/><E11/><V25/><F66/><N who="3" m="25707" /><G114/><T88/><D88/><AGARI ba="0,0" hai="20,22,24,25,30,31,33,35,47,49,52,83,87,88" machi="88" ten="30,7700,0" yaku="7,1,9,1,54,2" doraHai="123" who="2" fromWho="0" sc="281,-77,177,0,307,77,235,0" /><INIT seed="6,0,0,5,0,29" ten="204,177,384,235" oya="2" hai0="75,113,86,79,131,135,119,43,13,74,88,81,124" hai1="6,91,76,110,127,8,102,56,12,95,21,19,84" hai2="17,122,4,118,90,5,123,71,36,18,0,120,96" hai3="121,15,106,52,44,57,126,92,60,85,2,107,45"/><V69/><F118/><W50/><G2/><T73/><D43/><U128/><E127/><V101/><F36/><W130/><G126/><T62/><D124/><U129/><E110/><V132/><F132/><W54/><G121/><T98/><D119/><U94/><E129/><V24/><F90/><W55/><G130/><T63/><D131/><U14/><E128/><V59/><F59/><W35/><G35/><T58/><D113/><U70/><E70/><V46/><F46/><N who="3" m="18027" /><G107/><T34/><D34/><U41/><E41/><V109/><F109/><W26/><G106/><T10/><D135/><U64/><E76/><V9/><F4/><W125/><G26/><T65/><D63/><U47/><E47/><V23/><REACH who="2" step="1"/><F18/><REACH who="2" ten="204,177,374,235" step="2"/><W68/><G125/><T3/><D3/><U1/><E1/><V115/><F115/><W93/><G68/><T39/><D39/><U77/><E77/><V51/><F51/><W99/><G50/><T111/><D111/><U37/><E37/><V100/><F100/><W133/><G133/><T11/><D79/><U116/><E116/><V72/><F72/><W20/><G60/><T30/><D75/><U40/><E102/><V112/><F112/><W31/><G57/><T97/><D74/><U7/><E7/><V53/><F53/><W80/><G52/><T49/><D73/><U25/><E40/><V48/><F48/><W134/><G55/><T104/><D49/><U105/><E56/><V82/><F82/><W103/><G54/><T78/><D78/><U27/><E64/><V32/><F32/><W16/><G134/><T117/><D117/><RYUUKYOKU ba="0,1" sc="204,-10,177,-10,374,30,235,-10" hai2="0,5,9,17,23,24,69,71,96,101,120,122,123" /><INIT seed="6,1,1,4,0,4" ten="194,167,404,225" oya="2" hai0="34,65,75,32,26,56,93,31,98,46,55,21,40" hai1="49,30,53,96,108,134,76,48,60,119,104,91,126" hai2="87,127,71,100,47,72,81,8,78,14,97,11,124" hai3="89,29,28,129,110,83,90,25,13,6,120,35,69"/><V125/><F71/><W18/><G69/><T131/><D75/><U103/><E108/><V116/><F116/><W133/><G110/><T88/><D65/><U15/><E119/><V105/><F14/><W122/><G133/><T7/><D131/><U52/><E134/><V86/><F47/><W24/><G83/><T50/><REACH who="0" step="1"/><D7/><REACH who="0" ten="184,167,404,225" step="2"/><U12/><E126/><V112/><F112/><W39/><G129/><T19/><D19/><U114/><E114/><V63/><F72/><W94/><G6/><T16/><D16/><U82/><E30/><V57/><F87/><W77/><G29/><T121/><D121/><U113/><E113/><V43/><F43/><W66/><G18/><T10/><D10/><U1/><E1/><V58/><F8/><W102/><G66/><T74/><D74/><U79/><E53/><V61/><F11/><W3/><G28/><T51/><AGARI ba="1,2" hai="21,26,31,32,34,40,46,50,51,55,56,88,93,98" machi="51" ten="20,5200,0" yaku="1,1,0,1,7,1,54,1,53,0" doraHai="4" doraHaiUra="33" who="0" fromWho="0" sc="184,75,167,-14,404,-27,225,-14" /><INIT seed="7,0,0,4,0,5" ten="259,153,377,211" oya="3" hai0="37,104,21,61,12,42,20,27,74,131,45,80,119" hai1="132,75,58,15,40,97,59,28,63,115,94,78,113" hai2="87,14,110,118,30,130,36,34,102,25,70,121,33" hai3="52,0,67,117,125,13,17,95,49,103,73,60,23"/><W22/><G117/><T7/><D119/><U62/><E28/><V96/><F36/><W47/><G73/><T85/><D104/><U6/><E75/><V126/><F70/><W98/><G0/><T72/><D131/><U90/><E132/><V134/><F134/><W100/><G125/><T120/><D61/><U101/><E78/><V26/><F126/><W66/><G103/><T10/><D120/><U44/><E115/><V18/><F87/><W123/><G123/><T8/><D8/><U53/><E113/><V65/><F65/><W122/><G122/><T81/><D81/><U39/><E6/><V31/><F118/><W41/><G23/><T4/><D4/><U84/><E15/><V71/><F71/><W2/><REACH who="3" step="1"/><G2/><REACH who="3" ten="259,153,377,201" step="2"/><T1/><D1/><U91/><REACH who="1" step="1"/><E84/><REACH who="1" ten="259,143,377,201" step="2"/><V124/><F124/><W32/><G32/><T48/><D74/><U89/><E89/><V108/><F121/><W111/><G111/><T83/><D72/><U135/><E135/><V54/><F110/><W82/><G82/><T50/><D80/><U38/><E38/><V9/><F108/><W51/><G51/><T106/><D37/><U76/><E76/><V133/><F133/><W11/><G11/><T56/><D50/><U105/><E105/><V128/><F128/><W129/><G129/><T77/><D106/><U79/><E79/><V109/><F130/><W19/><G19/><N who="0" m="12735" /><D20/><U29/><E29/><V112/><F109/><W57/><AGARI ba="0,2" hai="13,17,22,41,47,49,52,57,60,66,67,95,98,100" machi="57" ten="30,11700,0" yaku="1,1,0,1,8,1,54,1,53,0" doraHai="5" doraHaiUra="86" who="3" fromWho="3" sc="259,-39,143,-39,377,-39,201,137" /><INIT seed="7,1,0,1,5,62" ten="220,104,338,338" oya="3" hai0="59,75,113,16,12,118,58,36,37,4,19,3,2" hai1="41,93,106,53,83,131,25,6,18,1,42,82,102" hai2="7,112,76,52,79,116,48,13,74,114,33,39,22" hai3="9,124,51,80,92,99,135,129,108,0,134,24,95"/><W66/><G124/><T107/><D118/><U15/><E131/><V46/><F116/><W133/><G129/><T81/><D107/><U97/><E1/><V109/><F109/><W126/><G126/><T115/><D75/><U78/><E6/><V44/><F33/><W31/><G108/><T63/><D81/><U72/><E82/><N who="2" m="45335" /><F79/><W77/><G66/><T73/><D73/><U71/><E71/><V86/><F86/><N who="3" m="48399" /><G51/><T101/><D101/><U10/><E25/><V89/><F89/><N who="3" m="55695" /><G95/><T87/><D87/><U27/><E27/><V104/><F104/><W64/><G64/><N who="0" m="39031" /><D59/><U49/><REACH who="1" step="1"/><E106/><REACH who="1" ten="220,94,338,338" step="2"/><V127/><F7/><N who="3" m="1255" /><G24/><T117/><D117/><U65/><E65/><V98/><F127/><W121/><G31/><T35/><D35/><U128/><E128/><V61/><F39/><N who="0" m="14922" /><D2/><U29/><E29/><V110/><F110/><W38/><G38/><T119/><D3/><U132/><E132/><V11/><F13/><W123/><AGARI ba="1,1" hai="121,123,133,134,135" m="1255,55695,48399" machi="123" ten="40,2100,0" yaku="20,1" doraHai="62" who="3" fromWho="3" sc="220,-8,94,-8,338,-8,338,34" owari="212,-19.0,86,-41.0,330,13.0,372,47.0" /></mjloggm>