<mjloggm ver="2.3"><GO type="169" lobby="0"/><UN n0="%61%6B%61%74%75%6B%69%5E" n1="%E3%81%A1%E3%82%83%E3%81%93%E3%81%93" n2="%E6%9C%A8%E5%8E%9F%E8%B1%AA%E4%B8%80" n3="%62%2E%6F%77%6C" dan="17,16,17,16" rate="2129.44,2115.69,2166.64,2100.57" sx="M,F,M,M"/><TAIKYOKU oya="0"/><INIT seed="0,0,0,5,3,42" ten="250,250,250,250" oya="0" hai0="85,9,86,101,7,26,31,79,30,104,39,3,14" hai1="123,75,17,64,127,87,90,70,133,12,77,40,62" hai2="76,19,82,60,2,100,44,63,45,25,22,13,124" hai3="46,99,106,97,105,110,125,6,36,67,35,71,28"/><T61/><D39/><U132/><E123/><V94/><F124/><W103/><G110/><T23/><D79/><U68/><E127/><V135/><F2/><W96/><G125/><T11/><D31/><U89/><E70/><V50/><F135/><N who="1" m="51785" /><E75/><V53/><F100/><W57/><G6/><T16/><REACH who="0" step="1"/><D61/><REACH who="0" ten="240,250,250,250" step="2"/><U112/><E77/><V84/><F94/><W107/><G28/><T0/><D0/><U73/><E62/><V102/><F102/><W27/><G103/><T115/><D115/><U10/><E112/><V81/><F81/><W51/><G36/><T120/><D120/><U20/><E90/><V98/><F98/><AGARI ba="0,1" hai="3,7,9,11,14,16,23,26,30,85,86,98,101,104" machi="98" ten="40,3900,0" yaku="1,1,54,1,53,0" doraHai="42" doraHaiUra="58" who="0" fromWho="2" sc="240,49,250,0,250,-39,250,0" /><INIT seed="0,1,0,5,3,53" ten="289,250,211,250" oya="0" hai0="122,20,46,81,97,34,65,7,119,132,59,93,131" hai1="76,133,15,21,0,82,50,103,28,98,49,30,56" hai2="16,5,37,116,80,121,43,18,55,45,36,130,54" hai3="135,85,102,11,72,26,22,14,124,78,4,1,94"/><T41/><D119/><U8/><E0/><V68/><F121/><W71/><G72/><T32/><D122/><U96/><E133/><V101/><F68/><W107/><G71/><T105/><D105/><U113/><E113/><V10/><F130/><W90/><G78/><T99/><D131/><U92/><E96/><V120/><F120/><W79/><G135/><T64/><D132/><U17/><E49/><V129/><F129/><W63/><G79/><T109/><D7/><U51/><E51/><V38/><F116/><W47/><G63/><T110/><D99/><U62/><E50/><V128/><F128/><W33/><G47/><T57/><D81/><U61/><E61/><V27/><F101/><W23/><G124/><T86/><D86/><N who="1" m="48455" /><E8/><V24/><F80/><W87/><G102/><N who="0" m="60719" /><D20/><U100/><E100/><V91/><F91/><W52/><G107/><T127/><D127/><U108/><E108/><N who="0" m="41577" /><D65/><AGARI ba="1,0" hai="15,17,21,28,30,56,62,65,92,98,103" m="48455" machi="65" ten="30,2000,0" yaku="8,1,52,1" doraHai="53" who="1" fromWho="0" sc="289,-23,250,23,211,0,250,0" /><INIT seed="1,0,0,3,1,0" ten="266,273,211,250" oya="1" hai0="108,134,57,28,63,118,11,21,16,112,9,127,88" hai1="91,37,13,78,3,32,111,81,100,104,65,56,116" hai2="60,5,128,19,92,126,121,93,38,44,74,85,15" hai3="105,82,14,23,107,106,80,135,133,46,83,27,113"/><U94/><E116/><V42/><F74/><W71/><G113/><T1/><D112/><U67/><E3/><V22/><F121/><W117/><G71/><T17/><D118/><U120/><E120/><V75/><F75/><W31/><G117/><T86/><D108/><U58/><E37/><V72/><F72/><W84/><G46/><T69/><D69/><U76/><E32/><V2/><F128/><W41/><G41/><T53/><D127/><U125/><E125/><V61/><F126/><W51/><G51/><T54/><D134/><N who="3" m="51209" /><G14/><T131/><D131/><U20/><E111/><V40/><F40/><W102/><G102/><T55/><D1/><U110/><E110/><V98/><F85/><AGARI ba="0,0" hai="23,27,31,80,82,83,84,85,105,106,107" m="51209" machi="85" ten="40,1300,0" yaku="20,1" doraHai="0" who="3" fromWho="2" sc="266,0,273,0,211,-13,250,13" /><INIT seed="2,0,0,4,1,109" ten="266,273,198,263" oya="2" hai0="87,93,36,113,72,77,7,59,57,10,101,14,54" hai1="132,25,6,104,94,60,86,92,91,31,83,62,70" hai2="127,52,122,46,44,26,73,126,81,124,42,110,53" hai3="49,114,130,16,12,58,51,2,78,1,63,100,37"/><V27/><F122/><W96/><G37/><T99/><D72/><U19/><E104/><V24/><F110/><W38/><G38/><T67/><D36/><U3/><E132/><V30/><F30/><W47/><G130/><T11/><D113/><U84/><E94/><V95/><F95/><W135/><G78/><T123/><D123/><U76/><E70/><V75/><F81/><W74/><G74/><N who="2" m="28169" /><F42/><W80/><G80/><T5/><D67/><U134/><E134/><V55/><AGARI ba="0,0" hai="24,26,27,44,46,52,53,55,124,126,127" m="28169" machi="55" ten="50,18000,2" yaku="29,2,28,2,18,1,54,1" doraHai="109" who="2" fromWho="2" sc="266,-60,273,-60,198,180,263,-60" /><INIT seed="2,1,0,0,4,57" ten="206,213,378,203" oya="2" hai0="17,0,97,110,124,131,22,107,34,79,90,122,37" hai1="126,94,125,27,25,8,45,84,52,102,63,75,1" hai2="116,68,81,6,82,60,129,74,123,23,46,11,4" hai3="3,72,13,69,16,104,100,7,134,135,56,103,21"/><V80/><F116/><W64/><G72/><T19/><D37/><U49/><E75/><V53/><F123/><W86/><G69/><T128/><D34/><U58/><E1/><V40/><F74/><W15/><G3/><T95/><D0/><U98/><E8/><V65/><F129/><W18/><G7/><T111/><D122/><U91/><E125/><V61/><F23/><W31/><G31/><T78/><D124/><U47/><E126/><V50/><REACH who="2" step="1"/><F11/><REACH who="2" ten="206,213,368,203" step="2"/><W119/><G119/><T14/><D22/><U71/><E71/><V28/><F28/><W96/><G21/><T118/><D128/><U51/><E27/><V76/><F76/><W127/><G127/><T42/><D78/><U32/><E25/><V12/><F12/><W48/><G15/><T35/><D14/><U92/><E32/><V113/><F113/><W89/><G13/><T2/><D79/><U29/><E29/><V85/><F85/><W5/><G86/><T121/><D35/><U43/><REACH who="1" step="1"/><E47/><REACH who="1" ten="206,203,368,203" step="2"/><V59/><AGARI ba="1,2" hai="4,6,40,46,50,53,59,60,61,65,68,80,81,82" machi="59" ten="30,12000,1" yaku="1,1,0,1,52,2,53,1" doraHai="57" doraHaiUra="55" who="2" fromWho="2" sc="206,-41,203,-41,368,143,203,-41" /><INIT seed="2,2,0,2,1,22" ten="165,162,511,162" oya="2" hai0="30,105,133,72,48,118,130,135,67,119,132,109,13" hai1="75,74,1,33,0,100,21,95,92,4,134,49,23" hai2="123,117,54,69,11,84,71,20,28,89,27,39,16" hai3="91,111,61,80,98,3,112,9,36,40,59,122,77"/><V18/><F117/><N who="0" m="44554" /><D72/><U45/><E33/><V31/><F123/><W121/><G112/><T8/><D105/><U44/><E134/><V60/><F39/><W53/><G111/><T88/><D109/><U97/><E4/><V26/><F69/><W93/><G40/><T10/><D67/><U126/><E126/><V47/><F71/><W2/><G36/><T116/><D116/><U24/><E92/><V12/><F27/><W50/><G61/><T68/><D68/><U65/><E65/><V38/><F38/><W101/><G101/><T79/><D79/><U115/><E115/><V94/><F47/><W102/><G102/><T43/><D130/><U51/><E74/><V106/><F106/><W46/><G46/><N who="0" m="25695" /><D30/><U120/><E75/><V103/><REACH who="2" step="1"/><F103/><REACH who="2" ten="165,162,501,162" step="2"/><W25/><G122/><T129/><D133/><U66/><E120/><V32/><F32/><W107/><G107/><T125/><D132/><U131/><E45/><V82/><F82/><W127/><G121/><T90/><D135/><U52/><E44/><V124/><F124/><W37/><G37/><T5/><D125/><U87/><E100/><V85/><F85/><W64/><G127/><T73/><D73/><U96/><E87/><V15/><F15/><W81/><G81/><T14/><D129/><U29/><E131/><V70/><F70/><W7/><G2/><T99/><D99/><U76/><E0/><V104/><F104/><W57/><G57/><AGARI ba="2,1" hai="11,12,16,18,20,26,28,31,54,57,60,84,89,94" machi="57" ten="40,12000,1" yaku="1,1,8,1,52,1,54,1,53,0" doraHai="22" doraHaiUra="35" who="2" fromWho="3" sc="165,0,162,0,501,136,162,-126" /><INIT seed="2,3,0,3,4,53" ten="165,162,637,36" oya="2" hai0="0,114,29,83,133,72,17,126,134,54,24,122,16" hai1="128,106,113,101,46,112,20,130,119,1,59,28,78" hai2="65,55,94,123,64,39,38,9,21,40,3,52,42" hai3="87,92,47,8,30,100,118,104,131,76,32,12,125"/><V109/><F123/><W37/><G104/><T58/><D122/><U62/><E119/><V51/><F3/><W115/><G118/><T127/><D114/><U15/><E1/><V25/><F9/><W10/><G115/><T45/><D45/><U108/><E108/><V57/><F109/><W75/><G75/><T121/><D0/><U6/><E78/><V95/><F39/><W102/><G131/><N who="1" m="50218" /><E46/><V63/><F38/><W7/><G125/><N who="0" m="47627" /><D121/><U91/><E28/><N who="2" m="17455" /><F65/><W93/><G30/><T50/><D83/><U71/><E71/><V66/><F66/><W5/><G32/><N who="0" m="20519" /><D72/><U36/><E36/><V49/><F64/><W89/><G76/><T61/><D61/><U14/><E14/><V132/><F132/><AGARI ba="3,0" hai="16,17,50,54,58,132,133,134" m="20519,47627" machi="132" ten="30,7700,0" yaku="20,1,18,1,52,1,54,1" doraHai="53" who="0" fromWho="2" sc="165,86,162,0,637,-86,36,0" /><INIT seed="3,0,0,0,4,73" ten="251,162,551,36" oya="3" hai0="90,32,94,99,62,128,74,88,71,76,107,57,47" hai1="97,1,75,59,134,4,13,84,25,82,115,35,77" hai2="22,8,6,18,104,70,7,38,86,65,91,126,129" hai3="21,39,67,26,37,14,105,20,118,34,133,11,95"/><W85/><G105/><T98/><D71/><U0/><E115/><V81/><F38/><W110/><G118/><T55/><D32/><U122/><E134/><V50/><F104/><W23/><G133/><T60/><D128/><U43/><E122/><V53/><F129/><W56/><G110/><T40/><D62/><U52/><E43/><V120/><F126/><W125/><G125/><T106/><D98/><U16/><E4/><V132/><F132/><W78/><G34/><T109/><D90/><U135/><E135/><V96/><F96/><W111/><G111/><T66/><D66/><U12/><E75/><V130/><F130/><W72/><G26/><T30/><D30/><U54/><E54/><V61/><F8/><W28/><G28/><T17/><D109/><U19/><E97/><V58/><F120/><W127/><G127/><T103/><D103/><U48/><E25/><AGARI ba="0,0" hai="6,7,18,22,25,50,53,58,61,65,70,81,86,91" machi="25" ten="30,1000,0" yaku="7,1" doraHai="73" who="2" fromWho="1" sc="251,0,162,-10,551,10,36,0" /><INIT seed="4,0,0,2,1,99" ten="251,152,561,36" oya="0" hai0="50,94,13,2,6,15,72,22,100,84,9,70,119" hai1="20,117,28,58,51,79,25,39,48,123,46,129,60" hai2="112,44,81,4,52,82,77,128,14,65,116,75,7" hai3="131,95,21,130,118,24,90,63,127,101,86,68,132"/><T5/><D72/><U85/><E123/><V45/><F65/><W115/><G118/><T122/><D70/><U96/><E117/><V11/><F116/><W30/><G115/><T61/><D122/><U121/><E129/><N who="3" m="49162" /><G132/><T47/><D119/><U78/><E121/><V49/><F128/><W108/><G108/><T111/><D111/><U34/><E34/><V53/><F112/><W76/><G127/><T62/><D2/><U18/><E39/><V27/><F27/><W54/><G76/><T23/><D23/><U93/><E28/><V12/><F12/><W43/><G43/><T3/><D3/><U57/><E46/><V19/><F82/><W114/><G114/><T80/><D94/><U67/><E58/><V126/><F126/><W105/><G68/><T16/><D100/><N who="1" m="60431" /><E79/><V29/><F29/><W71/><G71/><T102/><D102/><U40/><E40/><V110/><F110/><W135/><G135/><T107/><D107/><U125/><E125/><V35/><F35/><W69/><G69/><T17/><D5/><U134/><E134/><V97/><F97/><N who="3" m="61615" /><G63/><T41/><REACH who="0" step="1"/><D17/><REACH who="0" ten="241,152,561,36" step="2"/><U98/><E98/><V1/><F1/><W8/><G8/><T31/><D31/><U10/><E10/><V106/><F106/><W91/><G91/><AGARI ba="0,1" hai="6,9,13,15,16,22,41,47,50,61,62,80,84,91" machi="91" ten="30,12000,1" yaku="1,1,7,1,8,1,54,1,53,1" doraHai="99" doraHaiUra="38" who="0" fromWho="3" sc="241,130,152,0,561,0,36,-120" owari="371,17.0,152,-25.0,561,66.0,-84,-58.0" /></mjloggm>