<mjloggm ver="2.3"><GO type="185" lobby="0"/><UN n0="%E3%83%8A%E3%83%91%E3%83%BC%E3%83%A0%E3%81%A7%E3%81%99" n1="%E5%8C%97%E5%B2%A1%E3%81%BE%E3%81%A4%E3%81%9F%E3%81%91" n2="%E3%81%9F%E3%82%93%E3%82%86%E3%81%86" n3="" dan="17,16,17,0" rate="2195.18,2276.85,2284.79,1500.00" sx="M,F,F,C"/><TAIKYOKU oya="0"/><INIT seed="0,0,0,0,3,44" ten="350,350,350,0" oya="0" hai0="49,70,48,98,81,37,94,39,3,53,90,58,96" hai1="118,115,75,77,123,88,54,59,111,63,73,71,99" hai2="55,62,133,97,80,93,129,132,114,127,83,84,82" hai3=""/><T64/><D3/><U109/><N who="1" m="31520" /><U105/><E118/><V134/><F62/><T36/><D70/><U121/><N who="1" m="31008" /><U103/><E115/><V130/><F55/><T42/><D64/><U86/><E71/><V89/><F114/><T45/><REACH who="0" step="1"/><D81/><REACH who="0" ten="340,350,350,0" step="2"/><N who="2" m="31338" /><F127/><T92/><D92/><U120/><N who="1" m="30752" /><U72/><E77/><AGARI ba="0,1" hai="77,83,84,89,93,97,129,130,132,133,134" m="31338" machi="77" ten="40,5200,0" yaku="20,1,34,2" doraHai="44" who="2" fromWho="1" sc="340,0,350,-52,350,62,0,0" /><INIT seed="1,0,0,3,5,92" ten="340,298,412,0" oya="1" hai0="59,114,37,1,35,43,44,47,90,108,46,131,71" hai1="39,107,72,3,66,38,61,110,133,51,2,49,98" hai2="55,111,118,50,63,62,40,105,104,120,109,126,34" hai3=""/><U112/><E112/><V87/><N who="2" m="30752" /><V70/><F34/><T88/><D35/><U78/><E133/><V134/><F118/><T54/><D1/><U68/><E39/><V67/><F134/><T100/><D114/><U52/><E38/><V73/><F73/><T42/><D71/><U36/><E36/><V53/><F126/><T77/><D108/><N who="2" m="41546" /><F105/><T79/><D131/><U129/><E51/><V41/><F104/><T106/><D100/><U99/><E129/><V122/><N who="2" m="31264" /><V89/><F63/><T82/><D106/><U32/><E107/><V127/><F127/><T75/><D79/><U103/><E103/><V91/><F91/><T94/><D90/><U33/><E110/><V102/><F102/><T69/><D69/><U101/><E101/><V74/><F74/><T76/><D76/><U58/><E33/><V130/><F130/><T85/><D42/><N who="2" m="16490" /><F50/><AGARI ba="0,0" hai="37,43,44,46,47,50,54,59,75,77,82,85,88,94" machi="50" ten="30,2000,0" yaku="7,1,54,1" doraHai="92" who="0" fromWho="2" sc="340,20,298,0,412,-20,0,0" /><INIT seed="2,0,0,5,2,95" ten="360,298,392,0" oya="2" hai0="101,108,99,109,92,73,32,35,75,126,105,49,107" hai1="70,106,39,113,44,47,130,1,85,56,103,96,90" hai2="91,88,124,40,45,52,33,132,87,50,118,71,122" hai3=""/><V74/><N who="2" m="31264" /><V38/><F33/><T65/><D65/><U78/><E70/><V134/><F74/><N who="0" m="28170" /><D49/><U0/><E78/><V34/><F34/><T80/><D32/><U55/><E113/><V135/><F118/><T82/><D35/><U66/><E66/><V77/><F71/><T125/><D80/><U119/><E119/><V59/><F124/><N who="0" m="47722" /><D82/><AGARI ba="0,0" hai="38,40,45,50,52,59,77,82,87,88,91,132,134,135" m="31264" machi="82" ten="40,12000,1" yaku="20,1,52,1,54,2" doraHai="95" who="2" fromWho="0" sc="360,-120,298,0,392,120,0,0" /><INIT seed="2,1,0,5,2,41" ten="240,298,512,0" oya="2" hai0="93,117,102,100,40,64,69,45,105,1,75,90,134" hai1="104,86,108,95,52,49,77,53,70,85,119,80,116" hai2="51,133,101,94,109,115,103,97,81,78,120,91,58" hai3=""/><V131/><N who="2" m="30752" /><V3/><F3/><T118/><D134/><U79/><E104/><V83/><F115/><T72/><D1/><U114/><E70/><V126/><F133/><T56/><D69/><U128/><E114/><V98/><F126/><T112/><D112/><U106/><E106/><V50/><F131/><T32/><D32/><U66/><E66/><V74/><F109/><T121/><N who="0" m="31008" /><T39/><D118/><U68/><E68/><V113/><F113/><T84/><D117/><N who="1" m="45131" /><E108/><V61/><F83/><T65/><D64/><U47/><E128/><V99/><F103/><T130/><D130/><U88/><E53/><V35/><F35/><T43/><D43/><U38/><E38/><V73/><F73/><T55/><D65/><U125/><E125/><V63/><F63/><T127/><D127/><U122/><N who="1" m="31264" /><U0/><E0/><V60/><F60/><T82/><D105/><U96/><E79/><V129/><F129/><T46/><D102/><U48/><E49/><V59/><F61/><T71/><D71/><U123/><N who="1" m="31520" /><U2/><E2/><V62/><F62/><T92/><D100/><U87/><AGARI ba="1,0" hai="47,48,52,77,80,85,86,87,88,95,96" m="31520,31264,45131" machi="87" ten="30,9000,2" yaku="12,1,52,3,54,2" doraHai="41" who="1" fromWho="1" sc="240,-31,298,92,512,-61,0,0" /><INIT seed="4,0,0,4,2,94" ten="209,390,451,0" oya="0" hai0="115,57,112,60,119,70,45,41,78,124,117,36,85" hai1="123,91,38,114,103,79,58,101,74,99,98,50,43" hai2="67,54,66,39,133,121,100,113,47,64,120,116,92" hai3=""/><T132/><D78/><U131/><N who="1" m="31520" /><U129/><E114/><N who="0" m="43561" /><D85/><U107/><E38/><V96/><N who="2" m="30752" /><V126/><N who="2" m="31008" /><V62/><F113/><T105/><D105/><U32/><E32/><V65/><F126/><T106/><D106/><U84/><E43/><V77/><F133/><T48/><D132/><U56/><E50/><V127/><F127/><T108/><D108/><U37/><E37/><V69/><F77/><T130/><D124/><U82/><E56/><V34/><F34/><T59/><D130/><N who="1" m="49675" /><E58/><N who="0" m="22025" /><D36/><U97/><E107/><V76/><F76/><T102/><D102/><U52/><E52/><V71/><F54/><T122/><N who="0" m="31264" /><T2/><D2/><U135/><E135/><V104/><F104/><T63/><D70/><U86/><E86/><V53/><F69/><T125/><D125/><U109/><E109/><V1/><F1/><T87/><D87/><U93/><AGARI ba="0,0" hai="74,79,82,84,91,93,97,98,99,101,103" m="49675,31520" machi="93" ten="30,9000,2" yaku="19,1,34,2,52,4" doraHai="94" who="1" fromWho="1" sc="209,-60,390,90,451,-30,0,0" /><INIT seed="5,0,0,3,3,67" ten="149,480,421,0" oya="1" hai0="122,1,90,106,115,80,45,119,69,112,125,52,72" hai1="63,0,99,32,130,73,123,135,40,57,48,68,121" hai2="100,104,96,124,83,89,110,3,65,64,114,131,74" hai3=""/><U61/><N who="1" m="31008" /><U41/><N who="1" m="31520" /><U79/><E0/><V91/><F3/><T44/><N who="0" m="31264" /><T70/><D106/><U126/><E32/><V113/><F65/><T133/><D1/><U47/><E79/><V53/><F64/><T105/><D105/><U107/><E73/><V42/><F42/><T117/><D72/><U86/><E86/><V85/><F53/><T43/><D90/><U78/><E78/><V127/><F110/><T92/><D92/><U35/><E99/><V2/><F2/><T49/><D80/><U129/><E107/><V103/><F74/><T58/><D45/><U94/><E47/><V60/><F60/><T33/><D33/><U116/><E57/><V82/><F131/><T66/><D66/><U71/><E35/><V37/><F37/><T36/><D133/><U111/><E135/><V59/><F59/><T97/><D97/><U87/><E111/><V55/><F55/><T62/><D125/><N who="2" m="48202" /><F103/><T120/><N who="0" m="30752" /><T88/><D88/><U102/><E102/><V77/><F91/><T95/><D95/><U75/><E94/><V46/><F46/><T108/><D108/><U84/><E126/><V132/><F132/><T56/><D56/><U54/><E75/><V118/><F89/><RYUUKYOKU ba="0,0" sc="149,0,480,0,421,0,0,0" /><INIT seed="6,1,0,4,4,134" ten="149,480,421,0" oya="2" hai0="50,92,97,125,98,1,128,54,48,76,127,119,103" hai1="45,124,51,93,78,74,100,49,42,37,133,106,0" hai2="118,131,129,81,87,84,60,89,116,95,71,53,132" hai3=""/><V69/><F132/><T101/><D1/><U58/><E133/><V47/><F47/><T52/><D76/><U112/><E0/><V61/><F53/><T117/><REACH who="0" step="1"/><D128/><REACH who="0" ten="139,480,421,0" step="2"/><N who="2" m="49226" /><F118/><T63/><D63/><N who="2" m="24138" /><F116/><T32/><D32/><U67/><E78/><AGARI ba="1,1" hai="69,71,78,81,84,87,89,95" m="24138,49226" machi="78" ten="30,1500,0" yaku="19,1" doraHai="134" who="2" fromWho="1" sc="139,0,480,-17,421,27,0,0" /><INIT seed="6,2,0,4,3,49" ten="139,463,448,0" oya="2" hai0="110,87,124,81,105,57,75,98,88,115,89,82,1" hai1="33,129,68,120,71,134,45,76,40,80,36,78,106" hai2="48,113,46,59,116,123,60,2,65,126,73,111,3" hai3=""/><V102/><N who="2" m="31520" /><V117/><F73/><T86/><D1/><U53/><N who="1" m="30752" /><U127/><E33/><V103/><F3/><T83/><D57/><U95/><E106/><V108/><F2/><T32/><D32/><U63/><E129/><V128/><F128/><T34/><D34/><U41/><E41/><V121/><N who="2" m="31008" /><V47/><F126/><T42/><D124/><U50/><E127/><V119/><F113/><T131/><D42/><U44/><E134/><V37/><F37/><T58/><D115/><U125/><E125/><V96/><F102/><T100/><D58/><U0/><E0/><V69/><F69/><T39/><D39/><U67/><E71/><V91/><F91/><T79/><D110/><N who="2" m="42026" /><F48/><T85/><REACH who="0" step="1"/><D131/><REACH who="0" ten="129,463,448,0" step="2"/><U43/><E43/><V112/><F112/><T61/><D61/><U101/><E63/><V35/><F35/><T122/><N who="0" m="31264" /><T90/><AGARI ba="2,1" hai="75,79,81,82,83,85,86,87,88,89,90,98,100,105" m="31264" machi="90" ten="30,18000,4" yaku="1,1,4,1,0,1,35,6,52,1,54,1,53,0" doraHai="49" doraHaiUra="114" who="0" fromWho="0" sc="129,194,463,-62,448,-122,0,0" owari="323,-28.0,401,35.0,326,-7.0,0,0.0" /></mjloggm>