<mjloggm ver="2.3"><GO type="169" lobby="0"/><UN n0="%E3%83%92%E3%83%AB%E3%83%99%E3%83%AB%E3%83%88" n1="%4F%4D%41%4E%54%41" n2="%64%75%72%72%72%72%72" n3="%E6%84%9B%E5%86%85%E9%87%8C%E8%8F%9C" dan="16,18,17,18" rate="2147.16,2231.25,2147.05,2259.17" sx="M,M,M,F"/><TAIKYOKU oya="0"/><INIT seed="0,0,0,3,0,115" ten="250,250,250,250" oya="0" hai0="45,89,61,65,130,84,73,100,91,46,4,109,124" hai1="31,59,71,55,48,54,123,56,92,77,133,126,64" hai2="47,15,35,42,57,72,116,97,8,9,5,119,96" hai3="62,7,80,128,32,17,51,107,43,18,110,34,121"/><T114/><D114/><U131/><E123/><V125/><F72/><W78/><G107/><T67/><D124/><U1/><E1/><V29/><F125/><W44/><G121/><T113/><D113/><U117/><E126/><V36/><F57/><W12/><G110/><T120/><D73/><U82/><E131/><V52/><F52/><W99/><G99/><T40/><D120/><U108/><E31/><V76/><F76/><W95/><G95/><T86/><D130/><U49/><E108/><V28/><F9/><W134/><G134/><T105/><D109/><U6/><E6/><V112/><F112/><W50/><G62/><T118/><D105/><U41/><E92/><V102/><F96/><W74/><G128/><T2/><D61/><U14/><E14/><V75/><F75/><W90/><G90/><T27/><D27/><U16/><E16/><V79/><F79/><W70/><G70/><T66/><D40/><U63/><E41/><V19/><F19/><W98/><G98/><T53/><D53/><U24/><E24/><V21/><F21/><W69/><G69/><T13/><D13/><U122/><E122/><V85/><F85/><N who="0" m="32874" /><D100/><U30/><E30/><N who="2" m="11883" /><F35/><N who="3" m="13355" /><G7/><T11/><D89/><U106/><E106/><V68/><F68/><W111/><G111/><T129/><D91/><U39/><E39/><V20/><F20/><N who="3" m="11303" /><G18/><T94/><D94/><U132/><E82/><V37/><F37/><W93/><G93/><T10/><D129/><U135/><E77/><V104/><F36/><W127/><G127/><T103/><D103/><U83/><E83/><V58/><F58/><RYUUKYOKU ba="0,0" sc="250,-30,250,10,250,10,250,10" hai1="48,49,54,55,56,59,63,64,71,117,132,133,135" hai2="5,8,15,42,47,97,102,104,116,119" hai3="43,44,50,51,74,78,80" /><INIT seed="1,1,0,0,4,112" ten="220,260,260,260" oya="1" hai0="29,93,89,69,27,53,15,77,106,65,24,75,4" hai1="18,83,78,122,58,57,111,25,76,133,91,79,5" hai2="118,51,10,74,101,54,104,52,32,103,41,114,50" hai3="117,130,123,98,33,82,115,45,113,129,94,109,8"/><U21/><E122/><V87/><F74/><W6/><G33/><T95/><D106/><U43/><E133/><V42/><F32/><W70/><G70/><T35/><D53/><U60/><E111/><V34/><F34/><W86/><G45/><T107/><D107/><U125/><E125/><V100/><F104/><W92/><G8/><T108/><D108/><U47/><E5/><V30/><F30/><W73/><G6/><T71/><D27/><U1/><E1/><V90/><F10/><W39/><G39/><T72/><D95/><U126/><E126/><V63/><F63/><W55/><G55/><N who="2" m="21033" /><F118/><W28/><G28/><T14/><D71/><U84/><REACH who="1" step="1"/><E60/><REACH who="1" ten="220,250,260,260" step="2"/><V49/><F114/><W61/><G61/><T66/><D4/><U3/><E3/><V11/><F11/><W0/><G0/><T68/><D68/><U105/><E105/><V135/><F135/><W23/><G109/><T13/><D69/><U12/><E12/><V96/><F96/><W64/><G115/><T131/><D14/><U17/><E17/><V128/><F128/><W99/><G113/><T132/><D131/><U119/><E119/><V116/><F116/><W97/><G117/><T46/><D132/><U102/><E102/><V7/><F7/><W134/><G134/><T120/><D120/><U85/><E85/><V38/><F38/><AGARI ba="1,1" hai="18,21,25,38,43,47,57,58,76,78,79,83,84,91" machi="38" ten="40,2000,0" yaku="1,1,53,0" doraHai="112" doraHaiUra="62" who="1" fromWho="2" sc="220,0,250,33,260,-23,260,0" /><INIT seed="1,2,0,5,0,27" ten="220,283,237,260" oya="1" hai0="11,18,3,28,85,90,102,79,9,13,109,86,114" hai1="58,53,31,21,17,106,22,37,123,55,126,122,120" hai2="5,97,45,118,72,2,56,133,66,130,39,135,107" hai3="32,87,103,110,84,63,33,115,40,64,105,44,127"/><U34/><E106/><V128/><F72/><W35/><G115/><T47/><D114/><U0/><E37/><V57/><F118/><W119/><G119/><T42/><D109/><U48/><E0/><V82/><F82/><W43/><G43/><T125/><D125/><U124/><E34/><V6/><F45/><W101/><G110/><T73/><D102/><U70/><E70/><V108/><F39/><W46/><G46/><T15/><D3/><U59/><E31/><V41/><F41/><W24/><G127/><N who="1" m="48682" /><E17/><V19/><F19/><W23/><G101/><T16/><D28/><U61/><AGARI ba="2,0" hai="21,22,48,53,55,58,59,61,120,122,123" m="48682" machi="61" ten="40,2100,0" yaku="18,1" doraHai="27" who="1" fromWho="1" sc="220,-9,283,27,237,-9,260,-9" /><INIT seed="1,3,0,3,1,59" ten="211,310,228,251" oya="1" hai0="19,92,52,12,8,1,2,95,75,103,13,64,96" hai1="18,35,14,73,17,98,55,130,125,22,61,56,31" hai2="71,51,46,100,20,88,58,60,72,78,94,74,68" hai3="53,118,29,106,80,30,11,117,84,44,110,42,3"/><U65/><E125/><V79/><F100/><W54/><G106/><T116/><D75/><U34/><E130/><V99/><F72/><W120/><G120/><T48/><D116/><N who="3" m="44649" /><G110/><T119/><D119/><U90/><E73/><V91/><F74/><W115/><G115/><T43/><D43/><U85/><E31/><N who="3" m="11786" /><G3/><T25/><D25/><U6/><E6/><V128/><F128/><W105/><G11/><T70/><D13/><U124/><E98/><V21/><F91/><N who="3" m="51591" /><G105/><T86/><D95/><U45/><E18/><V108/><F108/><W16/><G16/><T66/><D86/><U107/><E107/><V9/><F9/><W133/><G133/><T129/><D129/><U127/><E127/><V114/><F114/><W82/><G82/><T63/><REACH who="0" step="1"/><D66/><REACH who="0" ten="201,310,228,251" step="2"/><U47/><E124/><V36/><F94/><W132/><G132/><T87/><D87/><U131/><E131/><V40/><F99/><W102/><G102/><T101/><D101/><U67/><E34/><V32/><F32/><W23/><G23/><T39/><D39/><AGARI ba="3,1" hai="39,42,44,53,54" m="51591,11786,44649" machi="39" ten="30,1000,0" yaku="12,1" doraHai="59" who="3" fromWho="0" sc="201,-19,310,0,228,0,251,29" /><INIT seed="2,0,0,5,3,1" ten="182,310,228,280" oya="2" hai0="18,5,122,40,61,52,85,54,21,67,12,64,83" hai1="75,77,100,72,124,19,34,28,109,48,60,76,8" hai2="116,66,70,99,89,0,41,71,16,108,123,135,35" hai3="92,63,94,11,82,131,93,87,112,95,25,58,132"/><V36/><F123/><W68/><G68/><T45/><D122/><U98/><E109/><V129/><F116/><W106/><G106/><T27/><D27/><U56/><E124/><V13/><F0/><W59/><G132/><T74/><D74/><U32/><E48/><V81/><F35/><W130/><G112/><T90/><D5/><U23/><E8/><V133/><F108/><W14/><G25/><T120/><D120/><U3/><E3/><V84/><F129/><N who="3" m="49163" /><G94/><T46/><D67/><U119/><E119/><V114/><F114/><W17/><G63/><T102/><D102/><U134/><E76/><AGARI ba="0,0" hai="11,14,17,58,59,76,82,87,92,93,95" m="49163" machi="76" ten="30,1000,0" yaku="19,1" doraHai="1" who="3" fromWho="1" sc="182,0,310,-10,228,0,280,10" /><INIT seed="3,0,0,3,5,99" ten="182,300,228,290" oya="3" hai0="98,42,109,40,132,103,23,67,78,105,92,2,33" hai1="119,83,80,124,27,46,122,11,111,64,93,115,38" hai2="44,30,128,7,79,17,19,97,110,1,51,89,117" hai3="104,48,66,125,108,24,74,116,25,130,62,87,113"/><W112/><G74/><T121/><D121/><U36/><E122/><V114/><F117/><W84/><G104/><T73/><D2/><U129/><E115/><V26/><F114/><W22/><G116/><T41/><D109/><U90/><E119/><V70/><F70/><W32/><G32/><T16/><D33/><U71/><E64/><V31/><F110/><W100/><G108/><T86/><D132/><U81/><E71/><V54/><F79/><W43/><G43/><T52/><D67/><U127/><E111/><V57/><F31/><W76/><G48/><T3/><D3/><U13/><E27/><V14/><F1/><W135/><G135/><T50/><D73/><U18/><E129/><V118/><F118/><W37/><G37/><T28/><D28/><U35/><E35/><V68/><F68/><W8/><G8/><T131/><D131/><U5/><E5/><V85/><F97/><W69/><G130/><T101/><D105/><U20/><E11/><N who="2" m="4479" /><F44/><W94/><G25/><N who="0" m="14567" /><D98/><N who="1" m="57655" /><E46/><V123/><F128/><W29/><G112/><T0/><D0/><U77/><E77/><V10/><F10/><W133/><G76/><T49/><D49/><U126/><AGARI ba="0,0" hai="13,18,20,36,38,80,81,83,124,126,127" m="57655" machi="126" ten="40,1500,0" yaku="18,1" doraHai="99" who="1" fromWho="1" sc="182,-4,300,15,228,-4,290,-7" /><INIT seed="4,0,0,5,4,115" ten="178,315,224,283" oya="0" hai0="134,81,39,83,63,29,88,24,86,3,2,106,100" hai1="70,40,53,101,87,105,94,4,129,92,0,71,16" hai2="12,119,122,49,114,52,38,131,107,56,8,78,65" hai3="116,117,118,17,124,20,67,33,50,44,57,68,130"/><T34/><D134/><U127/><E40/><V41/><F114/><W43/><G33/><T27/><D39/><U125/><E105/><V99/><F107/><W21/><G68/><T90/><D63/><U5/><E129/><V31/><F122/><W59/><G130/><T75/><D75/><U15/><E53/><V61/><F131/><W37/><G124/><T95/><D27/><U14/><E87/><V25/><F99/><W80/><G80/><T72/><D83/><U35/><E35/><V85/><F85/><W66/><G21/><T51/><D51/><U6/><E0/><V36/><F78/><W108/><G108/><T42/><D42/><U11/><E101/><V74/><F119/><W84/><G84/><T123/><D90/><U128/><E128/><V89/><F89/><W110/><G110/><T10/><D10/><U112/><E112/><V46/><F41/><N who="3" m="24847" /><G17/><T69/><D69/><N who="1" m="26123" /><E15/><V98/><F98/><W13/><G13/><T45/><D45/><U103/><E103/><V91/><F91/><W113/><G20/><T18/><D18/><U62/><E62/><V22/><REACH who="2" step="1"/><F74/><REACH who="2" ten="178,315,214,283" step="2"/><W96/><G96/><N who="0" m="61703" /><D123/><U132/><E132/><V55/><F55/><W120/><G120/><T109/><D109/><U28/><E125/><V121/><F121/><W32/><G113/><T126/><D126/><U19/><E127/><V1/><F1/><W47/><G32/><T54/><D54/><U58/><E94/><V30/><F30/><W60/><G118/><T93/><D95/><U48/><E92/><V64/><F64/><W82/><G82/><T7/><D7/><AGARI ba="0,1" hai="7,8,12,22,25,31,36,38,46,49,52,56,61,65" machi="7" ten="30,7700,0" yaku="1,1,6,1,7,1,54,1,53,0" doraHai="115" doraHaiUra="102" who="2" fromWho="0" sc="178,-77,315,0,214,87,283,0" /><INIT seed="5,0,0,4,0,111" ten="101,315,301,283" oya="1" hai0="64,78,91,20,119,24,100,19,26,133,103,12,72" hai1="7,57,10,121,36,126,42,1,56,17,125,54,82" hai2="62,53,97,61,11,22,70,95,68,14,44,74,99" hai3="113,105,55,15,132,94,123,21,67,73,65,33,29"/><U46/><E121/><V71/><F74/><W90/><G123/><T110/><D110/><U2/><E2/><V28/><F99/><W9/><G33/><T48/><D133/><U122/><E122/><V114/><F114/><W109/><G105/><T32/><D119/><U76/><E17/><V77/><F77/><W134/><G73/><T58/><D72/><U40/><E40/><V131/><F131/><W120/><G120/><T16/><D78/><U92/><E92/><V102/><F44/><W96/><G113/><T59/><D32/><U69/><E69/><V80/><F80/><W51/><G109/><T115/><D115/><U31/><E31/><V3/><F3/><W30/><G134/><T66/><D48/><U86/><REACH who="1" step="1"/><E54/><REACH who="1" ten="101,305,301,283" step="2"/><V43/><F43/><W45/><G132/><T60/><D91/><U8/><E8/><V35/><F53/><W116/><G116/><T63/><REACH who="0" step="1"/><D26/><REACH who="0" ten="91,305,301,283" step="2"/><U83/><E83/><V49/><F35/><W107/><G90/><T4/><D4/><U5/><E5/><V89/><F89/><W87/><G30/><T108/><D108/><U0/><E0/><V79/><F28/><W127/><G29/><T27/><D27/><U98/><E98/><V6/><F6/><W104/><G96/><T84/><D84/><U13/><E13/><V37/><F97/><W128/><G15/><T81/><D81/><U34/><E34/><V75/><F14/><W23/><G87/><T39/><D39/><U129/><E129/><V85/><F37/><W106/><G128/><T18/><D18/><U93/><E93/><V47/><F85/><RYUUKYOKU ba="0,2" sc="91,15,305,15,301,-15,283,-15" hai0="12,16,19,20,24,58,59,60,63,64,66,100,103" hai1="1,7,10,36,42,46,56,57,76,82,86,125,126" /><INIT seed="5,1,2,5,5,29" ten="106,320,286,268" oya="1" hai0="127,51,131,19,64,106,79,17,13,85,25,43,92" hai1="83,44,14,108,104,87,40,11,50,56,0,110,75" hai2="59,2,124,71,130,89,3,48,66,6,9,38,10" hai3="118,115,63,93,86,100,28,35,126,116,7,103,61"/><U76/><E104/><V32/><F38/><W22/><G115/><T101/><D106/><U98/><E0/><V80/><F71/><W111/><G111/><T82/><D127/><U88/><E98/><V33/><F124/><W78/><G126/><T91/><D131/><U128/><E128/><V102/><F102/><W12/><G35/><T135/><D135/><U73/><E56/><V62/><F130/><W37/><G37/><T120/><D101/><U123/><E123/><V8/><F48/><W109/><G109/><N who="1" m="42090" /><E76/><V129/><F129/><W30/><G61/><T5/><D120/><U133/><E133/><V54/><F54/><W67/><G103/><T16/><D64/><U24/><E24/><V55/><F55/><W47/><G47/><T74/><D25/><U105/><E105/><V23/><F23/><W31/><G22/><T57/><D57/><U27/><E27/><V36/><F36/><W58/><G78/><T113/><D113/><U90/><E90/><V95/><F80/><W125/><G125/><T53/><D53/><U60/><E60/><V81/><F81/><W112/><G112/><T41/><REACH who="0" step="1"/><D51/><REACH who="0" ten="96,320,286,268" step="2"/><U99/><E50/><V114/><F114/><W94/><G100/><T18/><N who="0" m="4096" /><DORA hai="119" /><T132/><D132/><U134/><E134/><V26/><F26/><W20/><G28/><T15/><D15/><U77/><E14/><V1/><REACH who="2" step="1"/><F6/><REACH who="2" ten="96,320,276,268" step="2"/><W117/><G7/><T70/><D70/><U49/><E49/><V52/><F52/><W96/><G30/><T68/><D68/><U72/><E44/><V21/><F21/><W107/><G31/><RYUUKYOKU ba="1,4" sc="96,15,320,-15,276,15,268,-15" hai0="5,13,41,43,74,79,82,85,91,92" hai2="1,2,3,8,9,10,32,33,59,62,66,89,95" /><INIT seed="6,2,4,5,3,77" ten="111,305,291,253" oya="2" hai0="25,53,16,108,92,55,128,38,126,4,3,14,116" hai1="120,95,21,129,130,134,72,99,118,12,83,6,78" hai2="28,9,93,109,33,103,18,76,119,2,100,74,19" hai3="111,104,35,52,65,17,46,107,66,36,97,13,57"/><V51/><F119/><W29/><G111/><T50/><D108/><U122/><E118/><V42/><F109/><W26/><G107/><T63/><D116/><U44/><E44/><N who="2" m="26007" /><F33/><W22/><G46/><T69/><D38/><U7/><E134/><V88/><F74/><W133/><G36/><T131/><D126/><U98/><E21/><V102/><F76/><W124/><G133/><T123/><D123/><N who="1" m="47147" /><E99/><N who="2" m="57767" /><F2/><W113/><G124/><T41/><D92/><U31/><E31/><V117/><F117/><W73/><G73/><T132/><D132/><U110/><E110/><V75/><F75/><W85/><G85/><T32/><D41/><U71/><E71/><V56/><F28/><W1/><G1/><T43/><D43/><U125/><E125/><V59/><F9/><W105/><G105/><T0/><D69/><U135/><E135/><V5/><F5/><N who="1" m="1545" /><E12/><V79/><F79/><W84/><G35/><T34/><D34/><U23/><E23/><V24/><F24/><W15/><G15/><T61/><D25/><U67/><E130/><N who="0" m="49705" /><D32/><U94/><E129/><V90/><F90/><W39/><G26/><T27/><D27/><U48/><E98/><V106/><F106/><W68/><G29/><T121/><D121/><U30/><E30/><V8/><F19/><W114/><G104/><T40/><D3/><U11/><E11/><V37/><F37/><W87/><G39/><T64/><D4/><U58/><E48/><V81/><F81/><W45/><G68/><N who="0" m="41999" /><D0/><U20/><E20/><V49/><F49/><W91/><G22/><N who="0" m="11543" /><D63/><AGARI ba="2,4" hai="58,63,67,72,78,83,94,95" m="1545,47147" machi="63" ten="30,2000,0" yaku="13,1,52,1" doraHai="77" who="1" fromWho="0" sc="111,-26,305,66,291,0,253,0" /><INIT seed="7,0,0,1,0,98" ten="85,371,291,253" oya="3" hai0="126,23,35,131,36,11,52,87,32,127,31,125,62" hai1="15,37,128,124,121,59,130,48,4,101,60,118,69" hai2="58,22,30,64,3,1,51,123,71,75,110,16,106" hai3="72,90,43,80,109,10,112,82,113,29,7,104,100"/><W26/><G109/><T42/><D36/><U74/><E74/><V55/><F110/><W94/><G43/><T93/><D42/><U50/><E37/><V68/><F75/><W116/><G116/><T61/><D131/><U45/><E121/><V66/><F123/><W129/><G129/><T33/><D11/><U117/><E69/><V53/><F30/><W18/><G18/><T2/><D2/><U14/><E101/><V49/><F106/><W0/><G104/><T102/><D102/><U44/><E60/><V91/><F91/><W20/><G100/><T19/><D31/><U95/><E59/><V88/><F88/><W83/><REACH who="3" step="1"/><G72/><REACH who="3" ten="85,371,291,243" step="2"/><T79/><D93/><U107/><E107/><V114/><F16/><W5/><G5/><T27/><D87/><AGARI ba="0,1" hai="0,7,10,20,26,29,80,82,83,87,90,94,112,113" machi="87" ten="40,3900,0" yaku="1,1,53,1" doraHai="98" doraHaiUra="21" who="3" fromWho="0" sc="85,-39,371,0,291,0,243,49" /><INIT seed="7,1,0,3,5,21" ten="46,371,291,292" oya="3" hai0="27,68,128,42,94,13,56,66,34,44,33,99,10" hai1="16,57,105,20,132,117,120,55,79,91,53,22,72" hai2="133,112,62,36,134,14,83,54,6,86,9,61,109" hai3="51,45,59,119,108,28,125,49,124,3,60,87,58"/><W32/><G3/><T64/><D128/><U77/><E120/><V121/><F109/><W107/><G107/><T118/><D118/><U110/><E110/><V103/><F121/><W23/><G108/><T29/><D34/><U48/><E105/><V122/><F36/><W18/><G119/><T92/><D68/><U76/><E117/><V50/><F122/><W129/><G129/><T25/><D33/><U98/><E132/><N who="2" m="50795" /><F103/><W88/><G28/><T114/><D29/><U4/><E4/><V89/><F112/><W52/><G32/><T7/><D114/><U102/><E22/><V74/><F74/><W78/><G78/><T67/><D56/><AGARI ba="1,0" hai="6,9,14,50,54,56,61,62,83,86,89" m="50795" machi="56" ten="30,1000,0" yaku="20,1" doraHai="21" who="2" fromWho="0" sc="46,-13,371,0,291,13,292,0" owari="33,-47.0,371,48.0,304,10.0,292,-11.0" /></mjloggm>