<mjloggm ver="2.3"><GO type="169" lobby="0"/><UN n0="%E5%B9%BB%E9%9C%8A" n1="%4A%6F%75%72%6E%65%79" n2="%E3%83%A2%E3%83%AD%E3%83%98%E3%82%A4%E3%83%A4" n3="%43%6C%69%6F" dan="16,17,16,16" rate="2154.17,2196.86,2048.11,2045.63" sx="F,M,M,M"/><TAIKYOKU oya="0"/><INIT seed="0,0,0,5,0,77" ten="250,250,250,250" oya="0" hai0="88,9,111,49,5,20,84,16,97,133,99,92,91" hai1="15,87,106,104,86,135,121,129,22,53,48,122,2" hai2="18,132,80,12,109,63,54,58,41,89,72,115,117" hai3="32,30,33,131,3,51,127,90,37,67,81,11,112"/><T31/><D133/><U101/><E2/><V25/><F115/><W94/><G112/><T95/><D111/><U82/><E135/><V29/><F132/><W34/><G37/><T44/><D31/><U79/><E129/><V85/><F72/><W83/><G131/><T19/><D84/><U23/><E101/><V42/><F117/><W0/><G127/><T57/><D57/><U76/><E15/><V45/><F109/><W13/><G30/><T113/><D20/><U96/><E96/><V55/><F55/><W128/><G128/><T118/><D118/><U114/><E114/><V93/><F93/><W38/><G38/><T120/><D120/><U52/><E48/><V78/><F78/><W65/><G3/><T116/><D116/><U100/><E100/><V74/><F74/><W56/><G0/><T28/><D28/><U69/><E69/><V123/><F45/><W10/><G67/><T7/><D113/><U119/><E119/><V105/><F105/><W59/><G59/><T125/><D125/><U26/><E26/><V39/><F39/><W61/><G51/><T103/><D103/><U73/><E73/><V134/><F123/><W17/><REACH who="3" step="1"/><G11/><REACH who="3" ten="250,250,250,240" step="2"/><T27/><D9/><U21/><E23/><N who="2" m="15551" /><F134/><W4/><G4/><N who="0" m="1611" /><D27/><U8/><E8/><AGARI ba="0,1" hai="8,12,18,41,42,54,58,63,80,85,89" m="15551" machi="8" ten="30,2000,0" yaku="8,1,52,1" doraHai="77" who="2" fromWho="1" sc="250,0,250,-20,250,30,240,0" /><INIT seed="1,0,0,5,5,80" ten="250,230,280,240" oya="1" hai0="16,20,72,70,75,64,55,3,106,114,45,42,83" hai1="61,97,104,129,58,125,93,67,22,98,110,100,10" hai2="53,41,130,34,15,9,35,18,105,68,85,43,40" hai3="134,66,2,108,29,50,118,49,13,116,23,89,113"/><U57/><E125/><V128/><F105/><W92/><G2/><T33/><D106/><U27/><E129/><N who="2" m="49771" /><F68/><W133/><G113/><T47/><D114/><U60/><E10/><V38/><F38/><W119/><G66/><T46/><D33/><N who="2" m="12298" /><F53/><W117/><N who="3" m="29696" /><DORA hai="87" /><W122/><G122/><T62/><D3/><U51/><E51/><N who="3" m="19466" /><G108/><T73/><D55/><U48/><E48/><V0/><F0/><W115/><G115/><T25/><REACH who="0" step="1"/><D83/><REACH who="0" ten="240,230,280,240" step="2"/><U28/><E110/><V39/><F39/><AGARI ba="0,1" hai="16,20,25,39,42,45,46,47,62,64,70,72,73,75" machi="39" ten="40,5200,0" yaku="1,1,2,1,54,1,53,0" doraHai="80,87" doraHaiUra="91,4" who="0" fromWho="2" sc="240,62,230,0,280,-52,240,0" /><INIT seed="2,0,0,2,2,33" ten="302,230,228,240" oya="2" hai0="100,80,49,30,71,125,116,39,0,60,88,113,108" hai1="128,62,51,76,16,120,40,84,85,123,133,64,101" hai2="14,46,44,121,54,132,26,110,112,57,43,32,42" hai3="38,98,130,118,114,41,13,72,81,77,134,92,129"/><V1/><F112/><W61/><G118/><T95/><D113/><U24/><E128/><V106/><F106/><W91/><G114/><T53/><D39/><U96/><E133/><V8/><F121/><N who="1" m="46665" /><E76/><V9/><F132/><W37/><G134/><T102/><D116/><U94/><E51/><V17/><F110/><W126/><G61/><T99/><D108/><U25/><E40/><V55/><F32/><W111/><G111/><T21/><D125/><U135/><E135/><V2/><F26/><N who="1" m="10345" /><E16/><V50/><F9/><W89/><G126/><T34/><D34/><U31/><E31/><V104/><F104/><W23/><G41/><T56/><D30/><U122/><N who="1" m="46673" /><U103/><DORA hai="69" /><E103/><V97/><F97/><W90/><G89/><T52/><D21/><U47/><E47/><V11/><F11/><W63/><G90/><T35/><D35/><U22/><E22/><V87/><F87/><W45/><G45/><T20/><D20/><U27/><N who="1" m="10353" /><U65/><DORA hai="12" /><E65/><V86/><F86/><W36/><REACH who="3" step="1"/><G63/><REACH who="3" ten="302,230,228,230" step="2"/><T124/><D124/><U131/><E131/><V73/><F73/><W117/><G117/><T15/><D60/><U119/><E119/><V75/><F75/><W67/><G67/><T3/><D88/><U82/><E82/><V70/><F70/><AGARI ba="0,1" hai="62,64,70,84,85,94,96,101" m="10353,46673" machi="70" ten="50,1600,0" yaku="13,1" doraHai="33,69,12" who="1" fromWho="2" sc="302,0,230,26,228,-16,230,0" /><INIT seed="3,0,0,1,5,131" ten="302,256,212,230" oya="3" hai0="70,97,103,7,128,107,68,112,113,22,120,5,6" hai1="24,84,36,56,55,118,58,16,46,102,59,35,10" hai2="17,67,25,72,116,73,47,27,77,98,23,130,31" hai3="43,99,1,40,30,57,51,90,71,93,75,49,45"/><W135/><G1/><T96/><D120/><U104/><E118/><V33/><F116/><W122/><G75/><T79/><D128/><U87/><E104/><V88/><F130/><W60/><G122/><T15/><D79/><U78/><E102/><V44/><F67/><W52/><G30/><T37/><D37/><U9/><E35/><V80/><REACH who="2" step="1"/><F73/><REACH who="2" ten="302,256,202,230" step="2"/><W0/><G0/><T4/><D112/><U42/><E55/><V66/><F66/><W39/><G71/><T134/><D113/><U2/><E2/><V18/><F18/><W21/><G43/><T69/><D69/><U20/><REACH who="1" step="1"/><E78/><REACH who="1" ten="302,246,202,230" step="2"/><V94/><AGARI ba="0,2" hai="17,23,25,27,31,33,44,47,72,77,80,88,94,98" machi="94" ten="30,4000,0" yaku="1,1,0,1,54,1,53,0" doraHai="131" doraHaiUra="50" who="2" fromWho="2" sc="302,-10,246,-10,202,60,230,-20" /><INIT seed="4,0,0,1,2,120" ten="292,236,262,210" oya="0" hai0="47,70,43,73,102,68,40,71,19,112,17,27,72" hai1="35,95,134,104,30,132,8,36,32,105,3,28,133" hai2="42,119,91,99,34,111,129,26,61,98,67,124,31" hai3="117,114,58,60,18,79,48,92,69,37,77,15,84"/><T103/><D27/><U21/><E36/><V9/><F129/><W33/><G117/><T83/><D83/><U13/><E95/><V5/><F119/><W94/><G33/><N who="1" m="12874" /><E105/><V24/><F24/><W41/><G37/><T107/><D47/><U4/><E104/><V80/><F124/><W87/><G69/><T89/><D107/><U16/><AGARI ba="0,0" hai="3,4,8,13,16,21,28,30,132,133,134" m="12874" machi="16" ten="40,8000,1" yaku="20,1,34,2,54,1" doraHai="120" who="1" fromWho="1" sc="292,-40,236,80,262,-20,210,-20" /><INIT seed="5,0,0,3,4,62" ten="252,316,242,190" oya="1" hai0="112,60,93,97,91,84,66,16,135,53,58,51,36" hai1="6,1,130,104,89,49,25,117,74,8,82,3,68" hai2="35,32,2,67,65,81,94,87,41,70,134,99,115" hai3="47,90,83,85,133,126,19,54,118,124,55,114,40"/><U106/><E117/><V27/><F70/><W31/><G118/><T72/><D72/><U18/><E130/><V10/><F41/><W17/><G114/><T120/><D112/><U128/><E128/><V78/><F115/><W34/><G133/><T125/><D135/><U71/><E3/><V0/><F134/><W37/><G34/><T5/><D36/><U107/><E49/><V56/><F56/><W38/><G37/><T100/><D5/><U95/><E74/><V110/><F110/><W39/><G39/><T23/><D125/><U92/><E82/><V113/><F113/><W63/><G31/><T129/><D129/><U76/><E76/><V42/><F42/><W122/><G122/><T96/><D120/><U111/><E111/><V44/><F44/><W57/><REACH who="3" step="1"/><G55/><REACH who="3" ten="252,316,242,180" step="2"/><T26/><REACH who="0" step="1"/><D100/><REACH who="0" ten="242,316,242,180" step="2"/><U88/><E6/><V24/><F32/><W127/><AGARI ba="0,2" hai="17,19,38,40,47,54,57,63,83,85,90,124,126,127" machi="127" ten="30,7900,0" yaku="1,1,2,1,0,1,18,1,53,0" doraHai="62" doraHaiUra="22" who="3" fromWho="3" sc="242,-20,316,-39,242,-20,180,99" /><INIT seed="6,0,0,4,0,134" ten="222,277,222,279" oya="2" hai0="15,20,95,0,11,41,28,58,48,4,114,71,57" hai1="44,50,120,30,96,100,86,115,52,130,112,8,83" hai2="53,78,10,121,97,88,94,49,37,63,21,55,87" hai3="93,36,82,24,104,129,84,9,59,119,43,117,118"/><V92/><F37/><W123/><G104/><T7/><D71/><U105/><E130/><V22/><F121/><W74/><G123/><T13/><D114/><N who="1" m="43563" /><E120/><V89/><F78/><W73/><G129/><T72/><D72/><U26/><E8/><V33/><F33/><W60/><G93/><T61/><D0/><U101/><E96/><V128/><F128/><W66/><G24/><N who="0" m="16391" /><D95/><U113/><E105/><V77/><F77/><W64/><G74/><T3/><D3/><U6/><E6/><V85/><F97/><W107/><G73/><T102/><D102/><U79/><N who="1" m="43571" /><U90/><DORA hai="27" /><E90/><V75/><F75/><W23/><G107/><T70/><D70/><U98/><E98/><V132/><F132/><W35/><G35/><AGARI ba="0,0" hai="26,30,35,44,50,52,79,83,86,100,101" m="43571" machi="35" ten="40,5200,0" yaku="15,1,52,1,54,1" doraHai="134,27" who="1" fromWho="3" sc="222,0,277,52,222,0,279,-52" /><INIT seed="7,0,0,0,0,26" ten="222,329,222,227" oya="3" hai0="96,82,21,79,20,0,126,80,56,99,22,73,109" hai1="12,123,55,61,112,84,11,116,101,76,110,108,1" hai2="122,54,88,70,120,28,100,27,30,17,45,41,78" hai3="64,104,53,5,32,47,72,121,132,65,129,19,40"/><W134/><G121/><N who="2" m="46697" /><F70/><W13/><G129/><T52/><D109/><U62/><E123/><V68/><F68/><W85/><G72/><T18/><D0/><U10/><E101/><V102/><F78/><W67/><G104/><T59/><D126/><U77/><E12/><V16/><F54/><W37/><G32/><T66/><D80/><U86/><E1/><V8/><F30/><W94/><G5/><T125/><D125/><U14/><E14/><N who="2" m="7239" /><F17/><W114/><G114/><T36/><D18/><U124/><E55/><V83/><F88/><N who="3" m="53519" /><G53/><T6/><D6/><U24/><E124/><V43/><F83/><W81/><G81/><T130/><D82/><U117/><E24/><V103/><F45/><W87/><G87/><T29/><D79/><U34/><E34/><AGARI ba="0,0" hai="27,28,34,41,43,100,102,103" m="7239,46697" machi="34" ten="30,3900,0" yaku="13,1,52,1,54,1" doraHai="26" who="2" fromWho="1" sc="222,0,329,-39,222,39,227,0" /><INIT seed="8,0,0,3,3,13" ten="222,290,261,227" oya="0" hai0="60,84,95,71,15,72,20,7,21,125,117,86,98" hai1="121,57,54,85,3,49,11,126,56,31,17,12,104" hai2="67,1,5,134,129,105,114,123,108,43,96,14,132" hai3="34,110,38,100,24,116,82,39,107,112,93,109,119"/><T51/><D117/><N who="3" m="45129" /><G93/><T52/><D72/><U28/><E121/><V77/><F1/><W75/><G24/><T90/><D125/><U29/><E104/><V44/><F77/><N who="3" m="44351" /><G34/><T131/><D131/><U46/><E126/><V4/><F67/><W9/><G9/><N who="0" m="4543" /><D60/><U55/><E3/><V30/><F30/><W10/><G10/><T78/><D71/><U58/><E85/><N who="0" m="32873" /><D78/><U79/><E79/><V92/><F4/><W63/><G63/><AGARI ba="0,0" hai="11,12,17,28,29,31,46,49,54,55,56,57,58,63" machi="63" ten="40,2600,0" yaku="8,1,52,1" doraHai="13" who="1" fromWho="3" sc="222,0,290,26,261,0,227,-26" owari="222,-18.0,316,42.0,261,6.0,201,-30.0" /></mjloggm>