<mjloggm ver="2.3"><GO type="169" lobby="0"/><UN n0="%41%4D%41%4C%49%41" n1="%74%6F%69%74%6F%69%34" n2="%E6%88%91%E7%A0%B4%E9%AD%94" n3="%E3%82%BF%E3%82%B1%E3%83%A4%E3%83%9E" dan="16,16,16,17" rate="2032.21,2070.50,2073.38,2205.24" sx="M,M,M,M"/><TAIKYOKU oya="0"/><INIT seed="0,0,0,4,5,71" ten="250,250,250,250" oya="0" hai0="27,69,38,28,112,93,82,18,12,72,117,124,25" hai1="2,94,53,41,131,86,118,121,108,11,133,96,48" hai2="47,30,68,34,22,57,102,42,88,89,20,125,33" hai3="9,31,104,35,19,39,128,106,52,60,61,83,122"/><T36/><D112/><U8/><E121/><V43/><F68/><W107/><G128/><T111/><D117/><U54/><E131/><V23/><F125/><W115/><G115/><T98/><D69/><U90/><E133/><V5/><F102/><W77/><G122/><T51/><D124/><U21/><E108/><V3/><F3/><W44/><G31/><T130/><D130/><U70/><E70/><V73/><F73/><W55/><G35/><N who="2" m="13321" /><F5/><W78/><G19/><T45/><D72/><U134/><E134/><V113/><F57/><W62/><G9/><T127/><D82/><U76/><E2/><V37/><F30/><W74/><REACH who="3" step="1"/><G78/><REACH who="3" ten="250,250,250,240" step="2"/><T116/><D127/><U79/><E11/><V132/><F113/><W26/><G26/><T120/><D120/><U13/><E118/><V29/><F29/><W24/><G24/><T40/><D116/><U7/><E79/><V84/><F132/><W80/><G80/><T10/><D111/><U16/><E7/><V114/><F114/><W100/><G100/><T65/><D27/><U81/><E8/><V66/><F20/><W123/><G123/><T17/><D28/><U135/><E135/><V6/><F22/><W92/><G92/><T85/><D25/><U91/><E76/><V103/><F103/><W101/><G101/><T4/><D10/><U105/><E105/><V58/><F23/><W56/><G56/><T15/><D93/><U14/><E14/><V95/><F6/><W67/><G67/><T32/><D15/><U46/><AGARI ba="0,1" hai="13,16,21,41,46,48,53,54,81,86,90,91,94,96" machi="46" ten="30,4000,0" yaku="0,1,8,1,54,1" doraHai="71" who="1" fromWho="1" sc="250,-20,250,50,250,-10,240,-10" /><INIT seed="1,0,0,2,4,135" ten="230,300,240,230" oya="1" hai0="88,0,37,126,99,43,53,61,77,91,62,94,24" hai1="28,92,119,31,23,11,129,124,1,48,76,64,121" hai2="50,41,110,82,38,35,98,26,32,111,86,128,29" hai3="65,42,6,39,57,17,117,44,14,18,52,12,101"/><U51/><E121/><V8/><F38/><W66/><G117/><T27/><D0/><U56/><E119/><V106/><F128/><W4/><G101/><T78/><D126/><U115/><E115/><V96/><F35/><W47/><G39/><T89/><D37/><U83/><E129/><V54/><F41/><W114/><G57/><T9/><D43/><U59/><E124/><V40/><F40/><W90/><G42/><T74/><D9/><U63/><E1/><V130/><F8/><W73/><G90/><N who="0" m="34923" /><D74/><U10/><E92/><V46/><F130/><W112/><G73/><T34/><D34/><U79/><E23/><V68/><F68/><W85/><G85/><T72/><D72/><U3/><E3/><V20/><F32/><W131/><G131/><T134/><D53/><AGARI ba="0,0" hai="4,6,12,14,17,18,44,47,52,53,65,66,112,114" machi="53" ten="25,3200,0" yaku="22,2,54,1" doraHai="135" who="3" fromWho="0" sc="230,-32,300,0,240,0,230,32" /><INIT seed="2,0,0,3,3,84" ten="198,300,240,262" oya="2" hai0="30,10,119,20,104,131,70,28,60,89,109,113,38" hai1="61,8,59,7,124,96,127,79,21,12,132,130,2" hai2="114,44,78,134,14,125,27,97,56,26,71,42,55" hai3="101,16,116,65,35,17,120,11,128,51,36,46,105"/><V110/><F114/><W48/><G116/><T75/><D113/><U107/><E79/><V90/><F71/><W0/><G120/><T32/><D104/><U106/><E132/><V126/><F134/><W95/><G35/><T135/><D32/><U112/><E112/><V24/><F78/><W19/><G105/><T3/><D75/><U25/><E2/><V121/><F121/><W103/><G65/><T29/><D38/><U57/><E130/><V94/><F14/><W85/><G128/><T34/><D34/><U54/><E59/><V43/><F110/><W18/><G36/><T73/><D73/><U47/><E47/><V63/><F43/><W76/><G48/><T115/><D109/><U9/><E8/><V72/><REACH who="2" step="1"/><F72/><REACH who="2" ten="198,300,230,262" step="2"/><W37/><G0/><T58/><D70/><U53/><E12/><V87/><F87/><W1/><G1/><T129/><D3/><U31/><E96/><V66/><F66/><W40/><G76/><T123/><D115/><U68/><E68/><V6/><F6/><W98/><G85/><T5/><D123/><U93/><E7/><V77/><F77/><W22/><G11/><T23/><D135/><U118/><E9/><V64/><F64/><W50/><REACH who="3" step="1"/><G103/><REACH who="3" ten="198,300,230,252" step="2"/><T62/><D131/><U67/><E67/><V41/><F41/><W83/><G83/><T4/><D129/><U45/><E54/><V133/><F133/><W69/><G69/><T100/><D119/><U74/><E53/><V99/><F99/><W86/><G86/><T80/><D100/><U39/><E118/><V49/><AGARI ba="0,2" hai="24,26,27,42,44,49,55,56,63,90,94,97,125,126" machi="49" ten="30,6000,0" yaku="1,1,0,1,52,1,53,0" doraHai="84" doraHaiUra="102" who="2" fromWho="2" sc="198,-20,300,-20,230,80,252,-20" /><INIT seed="2,1,0,5,2,48" ten="178,280,310,232" oya="2" hai0="75,103,107,65,38,17,130,117,133,39,122,128,84" hai1="87,32,36,11,101,115,135,46,124,15,20,60,69" hai2="80,96,102,132,57,70,116,88,63,67,52,49,29" hai3="79,93,53,99,114,83,77,0,81,25,6,7,35"/><V9/><F116/><W26/><G114/><T108/><D122/><U106/><E32/><V98/><F132/><W50/><G35/><T42/><D75/><U58/><E135/><V31/><F9/><W104/><G104/><T82/><D133/><U14/><E124/><V47/><F70/><W72/><G0/><T66/><D117/><U100/><E69/><V95/><F80/><W97/><G93/><AGARI ba="1,0" hai="29,31,47,49,52,57,63,67,88,93,95,96,98,102" machi="93" ten="30,12000,1" yaku="7,1,8,1,52,1,54,2" doraHai="48" who="2" fromWho="3" sc="178,0,280,0,310,123,232,-123" /><INIT seed="2,2,0,2,5,38" ten="178,280,433,109" oya="2" hai0="111,44,69,100,65,29,51,103,33,58,26,37,8" hai1="101,66,104,13,9,81,27,110,94,28,20,57,11" hai2="19,112,133,87,89,98,61,84,80,25,39,85,132" hai3="62,72,135,42,78,7,73,79,77,99,92,93,46"/><V67/><F39/><W121/><G121/><T54/><D111/><U96/><E110/><V68/><F112/><W90/><G135/><N who="2" m="51785" /><F98/><W95/><G7/><T118/><D118/><U45/><E104/><V24/><F19/><W130/><G62/><T49/><D8/><U5/><E11/><V119/><F119/><W76/><G46/><T91/><D91/><U43/><E81/><N who="2" m="49391" /><F85/><N who="3" m="52303" /><G42/><T83/><D83/><U75/><E75/><N who="3" m="28746" /><G130/><T109/><D109/><U108/><E108/><V106/><F106/><W23/><G23/><T102/><D37/><U10/><E10/><V128/><F128/><W82/><G99/><T59/><D69/><U32/><E32/><V129/><F129/><W116/><G116/><T3/><D65/><U16/><E66/><V88/><AGARI ba="2,0" hai="24,25,61,67,68,80,84,88" m="49391,51785" machi="88" ten="30,3000,0" yaku="20,1,54,1" doraHai="38" who="2" fromWho="2" sc="178,-12,280,-12,433,36,109,-12" /><INIT seed="2,3,0,4,3,125" ten="166,268,469,97" oya="2" hai0="27,73,93,47,54,103,31,88,122,81,76,118,104" hai1="53,113,35,70,120,114,90,133,18,130,96,74,0" hai2="29,56,5,12,85,75,127,89,77,46,26,65,94" hai3="79,17,52,116,98,129,132,97,83,3,50,71,100"/><V24/><F75/><W45/><G116/><T84/><D122/><U2/><E18/><V39/><F39/><W121/><G121/><T8/><D118/><U44/><E44/><V43/><F77/><W63/><G132/><T101/><D8/><U42/><E42/><V1/><F1/><W40/><G3/><T106/><D106/><U80/><E53/><V135/><F135/><W78/><G129/><T16/><D31/><U6/><E6/><V36/><F127/><W30/><G30/><T37/><D54/><U21/><E21/><V61/><F5/><W23/><G78/><T134/><D134/><U131/><E133/><V62/><F12/><W91/><G91/><T69/><D69/><U57/><E57/><V107/><F107/><W117/><G117/><T66/><D66/><U110/><E70/><V28/><F28/><W19/><G19/><T14/><D27/><U60/><E60/><V25/><F61/><W51/><G100/><T15/><D104/><U68/><E68/><V109/><F109/><W22/><G63/><T59/><D59/><U41/><E41/><V32/><AGARI ba="3,0" hai="24,25,26,29,32,36,43,46,56,62,65,85,89,94" machi="32" ten="20,2100,0" yaku="0,1,7,1" doraHai="125" who="2" fromWho="2" sc="166,-10,268,-10,469,30,97,-10" /><INIT seed="2,4,0,3,4,29" ten="156,258,499,87" oya="2" hai0="66,78,2,34,31,56,107,132,23,48,38,27,24" hai1="112,124,83,130,16,129,100,70,49,22,6,118,15" hai2="109,94,113,65,87,134,17,12,114,122,111,101,80" hai3="61,123,92,90,82,40,30,79,50,3,14,37,133"/><V72/><F122/><W0/><G123/><T10/><D38/><U98/><E70/><V89/><F65/><W44/><G133/><T74/><D132/><U32/><E118/><V46/><F134/><W35/><G14/><T97/><D74/><U121/><E121/><V119/><F46/><W110/><G110/><N who="2" m="41993" /><F119/><W20/><G20/><T135/><D78/><U102/><E112/><V36/><F36/><W5/><G61/><T42/><D66/><U68/><E68/><V115/><F17/><W62/><G62/><T77/><D77/><U125/><E6/><V131/><F12/><W69/><G69/><T117/><D135/><U116/><E49/><V8/><F8/><W55/><G5/><T7/><D117/><U95/><E116/><V103/><F131/><W57/><G90/><T59/><D48/><U18/><E15/><V71/><F71/><W52/><G92/><T85/><D42/><U93/><E83/><V60/><F60/><W75/><REACH who="3" step="1"/><G55/><REACH who="3" ten="156,258,499,77" step="2"/><T33/><D7/><U51/><E22/><V126/><F94/><W88/><G88/><T41/><D2/><U127/><E127/><V67/><F126/><W73/><G73/><T99/><D107/><U21/><E21/><V28/><F72/><W9/><G9/><T91/><D23/><U13/><E13/><V63/><F63/><W81/><G81/><T106/><D10/><U19/><E125/><V43/><F89/><W108/><G108/><T54/><D106/><U53/><E124/><V64/><F80/><W1/><G1/><T25/><D54/><U104/><E104/><V105/><F105/><RYUUKYOKU ba="4,1" sc="156,-10,258,-10,499,-10,77,30" hai3="0,3,30,35,37,40,44,50,52,57,75,79,82" /><INIT seed="3,5,1,4,4,70" ten="146,248,489,107" oya="3" hai0="32,98,135,66,27,88,41,106,85,73,2,116,5" hai1="37,104,17,22,107,7,57,13,44,15,115,77,52" hai2="33,80,90,91,16,132,0,62,67,122,117,84,93" hai3="39,128,8,4,54,118,36,108,120,89,53,112,101"/><W63/><G112/><T21/><D116/><U49/><E115/><V111/><F117/><W92/><G118/><T51/><D32/><U75/><E75/><V126/><F33/><W23/><G120/><T9/><D73/><U50/><E77/><V97/><F0/><W86/><G101/><T96/><D106/><U18/><E7/><V12/><F122/><W55/><G128/><T72/><D72/><U68/><E68/><V82/><F111/><W31/><G63/><T42/><D66/><U65/><E37/><V125/><F132/><W10/><G10/><T127/><D135/><U113/><E113/><V1/><F1/><W25/><REACH who="3" step="1"/><G108/><REACH who="3" ten="146,248,489,97" step="2"/><T40/><D127/><U45/><E107/><V26/><F126/><W20/><G20/><T43/><D51/><U87/><E104/><V38/><F125/><W56/><G56/><T34/><D34/><U83/><E50/><V59/><F62/><W30/><G30/><T14/><D2/><AGARI ba="5,2" hai="2,4,8,23,25,31,36,39,53,54,55,86,89,92" machi="2" ten="40,7700,0" yaku="1,1,52,2,53,0" doraHai="70" doraHaiUra="64" who="3" fromWho="0" sc="146,-92,248,0,489,0,97,112" /><INIT seed="3,6,0,5,4,106" ten="54,248,489,209" oya="3" hai0="127,2,67,37,111,131,63,99,55,81,75,20,27" hai1="70,118,135,60,71,120,82,0,132,10,1,36,69" hai2="105,30,13,96,124,128,97,56,74,59,134,73,61" hai3="107,76,58,40,29,87,117,42,92,11,85,35,24"/><W84/><G117/><T3/><D37/><U110/><E120/><V68/><F68/><W98/><G107/><T52/><D111/><U43/><E118/><V51/><F97/><W4/><G58/><T16/><D99/><U6/><E110/><V119/><F119/><W15/><REACH who="3" step="1"/><G76/><REACH who="3" ten="54,248,489,199" step="2"/><T86/><D75/><U41/><E71/><V94/><F59/><W130/><G130/><T53/><D131/><U62/><E70/><V5/><F56/><W38/><G38/><T65/><D127/><U101/><E36/><V45/><F105/><W18/><G18/><T66/><REACH who="0" step="1"/><D63/><REACH who="0" ten="44,248,489,199" step="2"/><U113/><E62/><V102/><F61/><W9/><G9/><T123/><D123/><U49/><E60/><V78/><F73/><W50/><G50/><T34/><D34/><U108/><E49/><V57/><F74/><W103/><AGARI ba="6,2" hai="4,11,15,24,29,35,40,42,84,85,87,92,98,103" machi="103" ten="30,6000,0" yaku="1,1,0,1,53,1" doraHai="106" doraHaiUra="28" who="3" fromWho="3" sc="44,-26,248,-26,489,-26,199,98" /><INIT seed="3,7,0,1,1,20" ten="18,222,463,297" oya="3" hai0="71,57,61,38,51,29,44,124,111,54,67,18,91" hai1="113,108,5,109,116,123,46,2,50,45,33,0,97" hai2="11,13,98,126,81,17,115,14,93,63,100,107,10" hai3="77,92,119,129,128,85,59,76,79,48,6,35,16"/><W31/><G119/><T80/><D124/><U121/><E33/><V130/><F126/><W3/><G3/><N who="1" m="1066" /><E5/><V103/><F130/><N who="3" m="50283" /><G6/><T74/><D111/><N who="1" m="42571" /><E97/><V133/><F133/><W15/><G59/><T34/><D18/><U42/><E113/><V37/><F37/><W99/><G48/><T127/><D127/><U23/><E116/><V68/><F68/><W30/><G85/><T58/><D38/><N who="1" m="21719" /><E23/><V60/><F115/><W64/><G64/><T118/><D118/><U72/><E72/><V112/><F112/><W7/><G7/><T36/><D36/><U40/><AGARI ba="7,0" hai="40,46,50,121,123" m="21719,42571,1066" machi="40" ten="30,1100,0" yaku="14,1" doraHai="20" who="1" fromWho="1" sc="18,-10,222,32,463,-10,297,-12" /><INIT seed="4,0,0,5,5,20" ten="8,254,453,285" oya="0" hai0="64,104,29,46,15,63,88,84,32,92,69,7,59" hai1="73,134,97,61,85,19,126,131,62,99,30,107,44" hai2="108,123,23,24,43,39,111,80,71,103,16,0,70" hai3="112,31,128,72,33,47,17,28,41,95,82,11,102"/><T34/><D104/><U25/><E73/><V35/><F123/><W116/><G116/><T5/><D34/><U13/><E131/><V109/><F0/><W129/><G112/><T27/><D69/><U55/><E134/><V113/><F113/><W10/><G102/><T127/><D127/><U18/><E126/><V40/><F103/><W119/><G119/><T68/><D68/><U90/><E107/><V36/><F35/><W53/><G53/><T12/><D12/><U83/><E62/><V132/><F132/><W122/><G95/><T101/><D101/><U96/><E13/><V48/><F48/><W121/><G82/><T117/><D117/><U45/><E61/><V98/><F98/><W86/><G86/><T9/><D46/><U50/><REACH who="1" step="1"/><E44/><REACH who="1" ten="8,244,453,285" step="2"/><V1/><F109/><W66/><G72/><T58/><D58/><U100/><E100/><V67/><F111/><W49/><G47/><T51/><D51/><U60/><E60/><V87/><F108/><W2/><G49/><T75/><D75/><U65/><E65/><V74/><F67/><W4/><G66/><T110/><D110/><U22/><AGARI ba="0,1" hai="18,19,22,25,30,45,50,55,83,85,90,96,97,99" machi="22" ten="30,7900,0" yaku="1,1,0,1,8,1,52,1,53,0" doraHai="20" doraHaiUra="120" who="1" fromWho="1" sc="8,-39,244,89,453,-20,285,-20" owari="-31,-53.0,333,13.0,433,53.0,265,-13.0" /></mjloggm>