<mjloggm ver="2.3"><GO type="169" lobby="0"/><UN n0="%62%6C%75%65%31" n1="%79%61%6D%61%64%61" n2="%74%72%69%65%74%74%61" n3="%74%61%72%6F%33%39%30%30" dan="17,16,16,17" rate="2274.71,2159.66,2093.24,2167.40" sx="M,M,M,M"/><TAIKYOKU oya="0"/><INIT seed="0,0,0,2,5,88" ten="250,250,250,250" oya="0" hai0="36,33,84,128,122,125,97,93,86,42,20,118,95" hai1="107,45,16,11,70,19,5,56,100,50,82,132,92" hai2="37,41,112,106,119,124,51,74,52,40,14,26,8" hai3="22,62,12,34,109,113,15,87,72,9,104,60,43"/><T49/><D33/><U21/><E70/><V79/><F112/><W126/><G34/><T63/><D122/><U129/><E107/><V89/><F106/><W134/><G72/><T57/><D118/><U13/><E129/><V59/><F124/><W69/><G113/><T46/><D125/><U10/><E132/><V81/><F119/><W24/><G126/><T110/><D128/><U0/><E82/><V83/><F37/><W90/><G104/><T29/><D36/><U35/><E35/><V44/><F26/><W54/><G109/><T96/><D110/><U99/><E56/><V94/><F83/><W127/><G127/><T103/><D20/><U131/><E131/><V68/><F68/><W98/><G98/><T39/><D39/><U48/><REACH who="1" step="1"/><E45/><REACH who="1" ten="250,240,250,250" step="2"/><V31/><F44/><W61/><G134/><T67/><REACH who="0" step="1"/><D29/><REACH who="0" ten="240,240,250,250" step="2"/><U133/><E133/><V130/><F31/><W32/><G32/><T135/><D135/><U6/><E6/><V28/><F28/><W116/><G116/><T108/><D108/><U53/><E53/><V78/><F130/><W117/><G117/><T121/><D121/><U76/><E76/><V114/><F79/><W77/><G77/><T73/><D73/><U80/><E80/><V17/><REACH who="2" step="1"/><F114/><REACH who="2" ten="240,240,240,250" step="2"/><W75/><G75/><T65/><D65/><U2/><E2/><V102/><F102/><AGARI ba="0,3" hai="42,46,49,57,63,67,84,86,93,95,96,97,102,103" machi="102" ten="30,18000,2" yaku="1,1,7,1,9,1,8,1,52,2,53,0" doraHai="88" doraHaiUra="115" who="0" fromWho="2" sc="240,210,240,0,240,-180,250,0" /><INIT seed="0,1,0,2,4,94" ten="450,240,60,250" oya="0" hai0="58,64,17,61,28,53,129,85,16,73,45,108,127" hai1="125,41,46,3,110,18,82,52,111,36,7,55,39" hai2="83,126,104,69,65,49,40,133,67,10,27,124,130" hai3="97,8,13,9,34,33,91,19,54,81,57,123,31"/><T112/><D73/><U50/><E3/><V35/><F104/><W11/><G123/><T30/><D112/><U26/><E7/><V22/><F35/><W72/><G34/><T68/><D127/><N who="2" m="48682" /><F83/><W88/><G31/><T87/><D129/><U59/><E82/><V47/><F10/><W51/><G33/><T56/><D68/><U120/><E26/><V92/><F92/><N who="3" m="56455" /><G72/><T70/><D70/><U21/><E18/><N who="0" m="7273" /><D45/><N who="1" m="27727" /><E21/><V100/><F100/><W106/><G106/><T115/><D108/><N who="1" m="41515" /><E125/><V114/><F114/><W42/><G42/><T121/><D121/><U116/><E120/><V117/><F117/><W86/><AGARI ba="1,0" hai="8,9,11,13,19,51,54,57,81,86,91" m="56455" machi="86" ten="30,4000,0" yaku="8,1,52,1,54,1" doraHai="94" who="3" fromWho="3" sc="450,-21,240,-11,60,-11,250,43" /><INIT seed="1,0,0,5,2,92" ten="429,229,49,293" oya="1" hai0="37,16,58,11,102,56,120,104,93,34,6,69,19" hai1="86,24,27,80,135,105,62,39,38,44,0,71,33" hai2="77,49,94,110,25,115,121,46,123,45,9,111,67" hai3="47,128,50,126,65,26,5,55,101,30,108,100,2"/><U109/><E0/><V40/><F77/><W98/><G108/><N who="2" m="41513" /><F9/><W28/><G128/><T18/><D69/><U114/><E109/><V117/><F25/><W70/><G126/><T13/><D104/><U134/><E114/><V95/><F95/><W35/><G28/><T107/><D107/><U61/><E105/><V43/><F94/><W7/><G101/><T106/><D106/><U54/><E33/><V78/><F78/><W130/><G130/><T29/><D37/><N who="1" m="13835" /><E27/><V91/><F91/><W87/><G87/><T17/><D120/><N who="2" m="46154" /><F117/><W22/><G35/><T63/><D63/><N who="1" m="24075" /><E24/><V72/><F72/><W59/><G2/><T118/><D118/><U112/><E86/><V32/><F32/><W36/><G100/><T81/><D81/><U14/><E14/><V8/><F8/><W129/><G5/><T122/><D122/><U99/><E80/><V88/><F88/><W133/><G7/><T119/><D119/><U76/><E76/><V42/><F115/><W20/><G20/><T60/><D34/><U84/><E84/><V1/><F1/><W103/><G103/><T48/><D29/><U64/><E112/><V23/><F23/><W96/><G22/><T83/><D83/><U3/><E3/><V125/><F67/><W113/><G113/><T131/><D102/><U53/><E64/><V31/><F125/><W124/><G124/><T82/><D82/><U127/><E127/><V89/><F31/><W15/><G30/><T75/><D6/><U90/><E90/><V132/><F89/><W12/><G65/><T52/><N who="0" m="4096" /><DORA hai="41" /><T10/><D13/><RYUUKYOKU ba="0,0" sc="429,0,229,0,49,0,293,0" /><INIT seed="2,1,0,1,1,68" ten="429,229,49,293" oya="2" hai0="103,45,58,72,135,65,30,57,63,56,37,62,9" hai1="129,26,85,75,6,51,94,81,111,99,28,124,40" hai2="20,42,0,121,24,52,102,79,17,64,10,44,105" hai3="59,116,87,115,130,119,86,35,101,60,4,84,95"/><V76/><F121/><W89/><G35/><T93/><D72/><U50/><E75/><V134/><F64/><W114/><G101/><T54/><D30/><U31/><E111/><V41/><F134/><W126/><G4/><T83/><D83/><U49/><E124/><V21/><F105/><W16/><G126/><T117/><D9/><U18/><E129/><V39/><F102/><W104/><G104/><T128/><D128/><U7/><E40/><V123/><F123/><W97/><G130/><T91/><D103/><N who="1" m="60919" /><E18/><V33/><F33/><W46/><G46/><T120/><D58/><U108/><E108/><V55/><F41/><W32/><G32/><T106/><D63/><U2/><E2/><V88/><F88/><N who="3" m="55527" /><G16/><T3/><D3/><U110/><E110/><V100/><F100/><W36/><G36/><T8/><D8/><U71/><E71/><V34/><F34/><W48/><BYE who="2" /><G48/><UN n2="%74%72%69%65%74%74%61" /><T127/><D37/><U43/><E43/><V122/><F122/><W19/><G19/><T25/><D106/><U92/><E92/><V74/><F20/><W90/><G59/><T14/><D127/><U70/><E70/><V77/><REACH who="2" step="1"/><F74/><REACH who="2" ten="429,229,39,293" step="2"/><W5/><G90/><T69/><D91/><N who="1" m="51631" /><E31/><V80/><F80/><W27/><G89/><T131/><D120/><U113/><E113/><V15/><F15/><W61/><G114/><T66/><D14/><U132/><E132/><V112/><F112/><W118/><G115/><T29/><D135/><U125/><E125/><V73/><F73/><W96/><G119/><T47/><D66/><U98/><E98/><V22/><F22/><AGARI ba="1,1" hai="6,7,22,26,28,49,50,51" m="51631,60919" machi="22" ten="30,2000,0" yaku="6,1,8,1" doraHai="68" who="1" fromWho="2" sc="429,0,229,33,39,-23,293,0" /><INIT seed="3,0,0,0,2,93" ten="429,262,16,293" oya="3" hai0="80,70,4,89,128,82,83,60,38,114,3,23,87" hai1="64,2,13,119,7,10,65,18,102,107,113,123,75" hai2="105,29,45,63,42,58,77,39,40,94,49,11,91" hai3="131,62,31,43,15,5,74,50,17,12,103,92,28"/><W85/><G74/><T41/><D128/><U67/><E123/><V96/><F105/><W101/><G131/><T16/><D114/><U1/><E113/><V99/><F29/><N who="3" m="11339" /><G62/><T100/><D100/><N who="3" m="38473" /><G5/><T6/><D38/><U76/><E119/><V98/><F77/><W33/><G33/><T133/><D41/><N who="2" m="15978" /><F39/><W78/><G78/><T81/><D133/><U126/><E126/><V104/><F104/><W90/><G17/><T122/><D122/><U111/><E111/><V14/><F49/><W19/><G19/><T44/><D44/><AGARI ba="0,0" hai="12,15,43,44,50,85,90,92" m="38473,11339" machi="44" ten="30,1500,0" yaku="8,1" doraHai="93" who="3" fromWho="0" sc="429,-15,262,0,16,0,293,15" /><INIT seed="3,1,0,0,4,20" ten="414,262,16,308" oya="3" hai0="10,112,115,11,44,65,92,55,12,0,38,84,107" hai1="66,24,119,97,103,122,64,87,57,88,39,101,131" hai2="4,56,3,108,95,111,117,113,102,89,91,83,129" hai3="61,98,58,22,123,99,48,32,133,31,46,54,34"/><W69/><G123/><T77/><D107/><U106/><E122/><V72/><F56/><W96/><G69/><T26/><D65/><U124/><E39/><V82/><F4/><W28/><G133/><T75/><D75/><U50/><E103/><V47/><F47/><W80/><G80/><N who="2" m="30761" /><F3/><W8/><G8/><T59/><D77/><U60/><E124/><V27/><F27/><N who="3" m="16503" /><G34/><T85/><D26/><U30/><E131/><V93/><F117/><W13/><G32/><T68/><D68/><U132/><E132/><V6/><F6/><W126/><G126/><T15/><D0/><U128/><E128/><V62/><F62/><W79/><G79/><T100/><D100/><U19/><E119/><V21/><F21/><W43/><G31/><T17/><D44/><U70/><E19/><V118/><F129/><W67/><G13/><T135/><D38/><U114/><E66/><AGARI ba="1,0" hai="43,46,48,54,58,61,66,67,96,98,99" m="16503" machi="66" ten="30,2900,0" yaku="8,1,52,1" doraHai="20" who="3" fromWho="1" sc="414,0,262,-32,16,0,308,32" /><INIT seed="3,2,0,2,1,23" ten="414,230,16,340" oya="3" hai0="14,110,13,57,122,135,77,120,21,18,133,126,16" hai1="32,37,27,124,102,15,54,116,42,41,58,50,91" hai2="53,87,28,35,101,26,66,61,103,104,2,60,4" hai3="65,19,72,59,49,40,8,9,128,74,123,34,108"/><W31/><G123/><T107/><D107/><U47/><E124/><V131/><F131/><W89/><G128/><T93/><D77/><U44/><E116/><V134/><F134/><N who="0" m="51210" /><D126/><U38/><E102/><V118/><F118/><W10/><G108/><T98/><D57/><U94/><E15/><V22/><F53/><W51/><G19/><T130/><D110/><U132/><E132/><V80/><F61/><W76/><BYE who="2" /><G76/><T100/><D130/><UN n2="%74%72%69%65%74%74%61" /><U106/><E106/><V45/><F45/><W43/><G89/><T56/><D56/><U55/><E55/><V95/><F104/><W20/><G34/><T75/><D75/><U71/><E71/><V11/><F95/><W115/><G115/><T3/><D3/><U86/><E32/><V7/><F7/><W109/><G109/><T85/><D85/><U119/><E119/><V97/><F97/><W17/><G31/><T92/><D93/><U46/><E58/><V82/><F82/><W88/><BYE who="2" /><G74/><UN n2="%74%72%69%65%74%74%61" /><T62/><D62/><U121/><E121/><V1/><F1/><W36/><G72/><T129/><D129/><U68/><E68/><V48/><F48/><N who="3" m="18507" /><G36/><T83/><D83/><U113/><E113/><V81/><F81/><W114/><G114/><T117/><D117/><U70/><E70/><V29/><F29/><W64/><G88/><T96/><D96/><U30/><E30/><V24/><F24/><BYE who="2" /><N who="3" m="14351" /><G59/><UN n2="%74%72%69%65%74%74%61" /><T78/><D78/><U73/><E73/><V112/><F112/><W63/><BYE who="2" /><G63/><T125/><D125/><U111/><E111/><V39/><F39/><W84/><G84/><T6/><D6/><RYUUKYOKU ba="2,0" sc="414,10,230,10,16,-30,340,10" hai0="13,14,16,18,21,92,98,100,120,122" hai1="27,37,38,41,42,44,46,47,50,54,86,91,94" hai3="8,9,10,40,43,64,65" owari="424,52.0,240,-16.0,-14,-51.0,350,15.0" /></mjloggm>