<mjloggm ver="2.3"><GO type="225" lobby="0"/><UN n0="%E5%A4%A7%E5%AE%AE%E5%BF%8D%76" n1="%E6%A9%8B%E6%9C%AC%E5%8D%83%E5%85%89%E5%B9%B4" n2="%E3%82%89%E3%81%84%E3%81%B5%E3%81%8C%E3%83%BC%E3%81%A9%E3%81%99%E3%81%8D" n3="%E3%81%AA%E3%82%81%E3%81%93%E9%9B%80%E5%A3%AB" dan="17,16,16,16" rate="2128.58,2163.47,2070.70,2175.16" sx="M,M,F,M"/><TAIKYOKU oya="0"/><INIT seed="0,0,0,2,1,0" ten="250,250,250,250" oya="0" hai0="134,32,76,116,55,135,126,81,43,12,105,122,67" hai1="38,89,8,128,60,58,77,132,90,93,15,94,131" hai2="66,1,85,10,74,115,11,61,50,4,103,56,48" hai3="35,82,112,3,88,111,57,46,121,71,108,92,16"/><T73/><D116/><U45/><E132/><N who="0" m="50729" /><D122/><U36/><E77/><V31/><F115/><W17/><G112/><T19/><D105/><U53/><E94/><V72/><F103/><W39/><G71/><T118/><D118/><U133/><E133/><V100/><F100/><W86/><G121/><T83/><D32/><U13/><E13/><V95/><F31/><W97/><G35/><T25/><D67/><U79/><E79/><V109/><F109/><N who="3" m="42059" /><G3/><T98/><D43/><U130/><E45/><V62/><F62/><W125/><G125/><T120/><D120/><U127/><E127/><V54/><F11/><W29/><G29/><T80/><D126/><U64/><E64/><V51/><REACH who="2" step="1"/><F66/><REACH who="2" ten="250,250,240,250" step="2"/><W70/><G70/><T107/><D107/><U84/><REACH who="1" step="1"/><E90/><AGARI ba="0,1" hai="1,4,10,48,50,51,54,56,61,72,74,85,90,95" machi="90" ten="40,5200,0" yaku="1,1,2,1,52,1,53,0" doraHai="0" doraHaiUra="27" who="2" fromWho="1" sc="250,0,250,-52,240,62,250,0" /><INIT seed="1,0,0,4,0,71" ten="250,198,302,250" oya="1" hai0="105,106,3,95,109,131,85,101,107,25,135,1,119" hai1="124,22,133,120,56,5,66,61,40,130,90,6,100" hai2="125,91,4,60,102,110,127,57,67,129,20,68,128" hai3="58,84,27,9,73,75,83,76,31,78,33,86,118"/><U59/><E120/><V19/><F102/><W41/><G118/><T111/><D119/><U112/><E112/><V16/><F110/><N who="0" m="41994" /><D25/><U99/><E124/><N who="2" m="47691" /><F4/><W113/><G113/><T21/><D21/><U13/><E133/><V46/><F91/><W79/><G9/><T51/><D135/><U121/><E121/><V2/><F2/><N who="0" m="522" /><D131/><N who="2" m="50250" /><F46/><W49/><G75/><T69/><D69/><U11/><E130/><V12/><F19/><W134/><G134/><T77/><D51/><U29/><E6/><V54/><F68/><W80/><G73/><T38/><D38/><U53/><E90/><V32/><F32/><W122/><G122/><T97/><D77/><U47/><E29/><V96/><F96/><W34/><G78/><T70/><D70/><U55/><E22/><V103/><F103/><W72/><G72/><T42/><D85/><U123/><E59/><V26/><F26/><W114/><G114/><T50/><D106/><U74/><E74/><V89/><F89/><W64/><G27/><T35/><D35/><U48/><REACH who="1" step="1"/><E123/><REACH who="1" ten="250,188,302,250" step="2"/><V126/><F126/><W10/><G34/><T28/><D28/><U37/><E37/><V17/><F20/><W18/><G33/><T36/><D36/><U65/><E65/><V15/><F67/><W7/><G64/><T115/><D115/><U94/><AGARI ba="0,1" hai="5,11,13,40,47,48,53,55,56,61,66,94,99,100" machi="94" ten="20,12000,1" yaku="1,1,0,1,7,1,8,1,53,1" doraHai="71" doraHaiUra="52" who="1" fromWho="1" sc="250,-40,188,130,302,-40,250,-40" /><INIT seed="1,1,0,1,1,20" ten="210,318,262,210" oya="1" hai0="36,59,56,24,132,40,75,60,64,72,86,89,129" hai1="87,70,79,80,45,34,43,104,57,100,112,117,93" hai2="28,26,120,68,4,118,11,31,96,94,65,66,77" hai3="51,47,125,90,21,103,130,99,135,6,128,29,2"/><U10/><E112/><V37/><F118/><W52/><G125/><T42/><D129/><N who="3" m="49769" /><G135/><T61/><D132/><U8/><E70/><V81/><F120/><W3/><G6/><T108/><D108/><U74/><E117/><V1/><F37/><W110/><G110/><T54/><D36/><U46/><E34/><V102/><F31/><W13/><G90/><T48/><D75/><U111/><E111/><V16/><F68/><W114/><G114/><T98/><D72/><U17/><E104/><V78/><F16/><N who="3" m="10383" /><G29/><T115/><D115/><U27/><E100/><V19/><F19/><W55/><G55/><T15/><D15/><U44/><E43/><V91/><F91/><W76/><G76/><T9/><D9/><U39/><E39/><V113/><F113/><W5/><G5/><T119/><D119/><U62/><E93/><AGARI ba="1,0" hai="2,3,47,51,52,93,99,103" m="10383,49769" machi="93" ten="30,3900,0" yaku="19,1,54,2" doraHai="20" who="3" fromWho="1" sc="210,0,318,-42,262,0,210,42" /><INIT seed="2,0,0,5,0,115" ten="210,276,262,252" oya="2" hai0="6,69,55,13,58,80,87,66,20,118,102,108,41" hai1="36,62,117,11,124,106,86,113,130,71,64,105,131" hai2="29,0,8,127,18,44,19,1,111,65,84,132,23" hai3="123,99,114,24,95,74,79,119,126,48,54,89,39"/><V81/><F127/><W92/><G123/><T109/><D41/><U82/><E113/><V34/><F132/><W31/><G39/><T12/><D102/><U26/><E36/><V51/><F34/><W16/><G126/><T90/><D66/><U104/><E117/><V85/><F111/><N who="0" m="42570" /><D69/><U100/><E124/><V27/><F65/><W68/><G119/><T98/><D98/><U17/><E100/><V52/><F85/><W63/><G114/><T93/><D80/><U2/><E2/><V67/><F67/><W56/><G68/><T78/><D78/><U135/><E135/><V37/><F37/><W91/><G79/><T28/><D6/><U88/><E105/><V70/><F70/><W14/><G74/><T15/><D28/><U103/><E103/><V25/><F1/><W96/><G31/><T49/><D118/><U133/><E106/><V75/><F75/><W43/><G43/><T53/><D53/><U10/><E104/><V46/><F46/><W83/><G83/><T45/><D45/><U129/><E133/><V5/><F84/><W73/><G73/><T33/><D33/><U61/><E61/><V35/><F81/><W128/><G48/><T59/><D59/><U38/><E38/><V76/><F76/><W94/><G94/><T72/><D72/><U60/><E60/><V32/><F35/><W110/><G110/><T30/><D30/><AGARI ba="0,0" hai="0,5,8,18,19,23,25,27,29,30,32,44,51,52" machi="30" ten="30,2900,0" yaku="7,1,54,1" doraHai="115" who="2" fromWho="0" sc="210,-29,276,0,262,29,252,0" /><INIT seed="2,1,0,4,3,30" ten="181,276,291,252" oya="2" hai0="24,65,100,95,36,104,122,118,20,12,2,55,117" hai1="88,86,78,17,94,90,50,132,84,120,11,21,64" hai2="77,91,53,63,114,106,127,70,37,10,98,48,44" hai3="135,107,31,9,43,67,16,74,3,80,73,101,110"/><V82/><F127/><W123/><G123/><T124/><D122/><U22/><E120/><V13/><F114/><W23/><G110/><T105/><D2/><U79/><E132/><V52/><F37/><W58/><G135/><T42/><D124/><U103/><E103/><V56/><F70/><W130/><G130/><T125/><D125/><U59/><E11/><V131/><F131/><W15/><G43/><T7/><D65/><U29/><E29/><V5/><F106/><W89/><G107/><T75/><D75/><U128/><E128/><V6/><F98/><W121/><G101/><T126/><D126/><U41/><E41/><V18/><REACH who="2" step="1"/><F91/><REACH who="2" ten="181,276,281,252" step="2"/><W85/><G121/><T71/><D71/><U116/><E90/><V93/><F93/><W119/><G119/><T0/><D104/><U134/><E116/><N who="0" m="44649" /><D105/><U61/><E134/><V1/><F1/><W19/><G3/><T69/><D0/><U66/><E88/><V83/><F83/><W54/><G80/><T49/><D69/><U28/><E94/><V62/><F62/><W113/><G89/><T133/><D133/><U4/><E61/><V129/><F129/><W40/><G113/><T33/><D95/><U45/><E50/><V96/><F96/><W38/><G38/><T111/><D36/><U99/><E99/><V34/><F34/><W81/><G81/><T60/><D33/><U97/><E97/><V51/><F51/><W102/><G102/><T109/><D100/><U25/><E79/><V39/><F39/><W112/><G112/><T35/><D49/><U14/><E78/><V76/><F76/><RYUUKYOKU ba="1,1" sc="181,-10,276,-10,281,30,252,-10" hai2="5,6,10,13,18,44,48,52,53,56,63,77,82" /><INIT seed="2,2,1,4,4,47" ten="171,266,311,242" oya="2" hai0="133,66,0,84,129,11,6,27,16,64,120,75,80" hai1="125,98,39,51,77,126,19,67,109,116,131,30,111" hai2="45,85,25,132,103,44,7,94,99,2,42,82,95" hai3="21,105,57,121,101,79,70,17,49,108,87,81,1"/><V12/><F2/><W33/><G33/><T88/><D120/><U58/><E116/><V127/><F132/><W69/><G121/><T52/><D133/><U90/><E30/><V97/><F127/><N who="1" m="48649" /><E39/><V15/><F25/><W13/><G1/><T130/><D75/><U72/><E131/><N who="0" m="50185" /><D52/><N who="1" m="32031" /><E67/><V55/><F55/><W113/><G113/><T83/><D83/><N who="1" m="45479" /><E19/><V31/><F31/><W74/><G74/><T54/><D54/><U93/><AGARI ba="2,1" hai="90,93,98,109,111" m="45479,32031,48649" machi="93" ten="30,4000,0" yaku="18,1,52,1,54,1" doraHai="47" who="1" fromWho="1" sc="171,-12,266,56,311,-22,242,-12" /><INIT seed="3,0,0,4,4,118" ten="159,322,289,230" oya="3" hai0="92,64,43,19,55,100,134,54,123,101,25,39,88" hai1="33,75,98,130,89,7,17,8,70,87,20,53,133" hai2="72,108,40,62,36,74,46,95,0,51,6,27,109" hai3="16,49,12,18,67,128,127,21,37,102,35,52,42"/><W22/><G35/><T84/><D134/><U10/><E75/><V104/><F104/><W65/><G127/><T66/><D39/><U116/><E70/><V125/><F125/><W47/><G128/><T129/><D129/><U71/><E71/><V11/><F95/><W73/><G73/><N who="2" m="28265" /><F62/><W132/><G102/><T28/><D43/><U1/><E33/><V34/><F51/><W86/><G132/><T57/><D123/><U59/><E130/><V76/><F76/><W50/><G86/><T45/><D19/><U121/><E121/><V79/><F79/><W113/><G113/><T94/><D45/><U120/><E120/><V24/><F24/><N who="3" m="14375" /><G37/><T131/><D131/><U117/><E98/><V58/><F58/><AGARI ba="0,0" hai="12,18,22,42,47,49,50,52,58,65,67" m="14375" machi="58" ten="30,5800,0" yaku="8,1,54,2" doraHai="118" who="3" fromWho="2" sc="159,0,322,0,289,-58,230,58" /><INIT seed="3,1,0,2,1,129" ten="159,322,231,288" oya="3" hai0="84,24,97,125,7,19,93,126,36,23,62,66,48" hai1="91,47,95,115,105,73,85,25,15,111,21,11,79" hai2="26,43,18,74,37,77,58,38,65,99,42,32,101" hai3="86,4,121,10,76,124,68,96,5,44,54,80,60"/><W45/><G121/><T128/><D36/><U33/><E115/><V83/><F38/><W108/><G124/><T17/><D128/><U135/><E105/><V50/><F37/><W40/><G108/><T51/><D7/><U98/><E33/><V14/><F26/><W8/><G68/><T35/><D35/><U61/><E73/><V46/><F32/><W118/><G118/><T132/><D84/><U131/><E131/><V100/><F43/><W106/><G106/><T112/><D112/><U72/><E72/><V89/><F89/><W29/><G29/><T117/><D117/><U127/><E127/><V6/><F6/><W55/><G96/><T49/><D125/><U16/><E47/><V107/><F100/><W3/><G60/><T27/><D126/><U78/><E111/><V64/><F58/><W67/><G67/><T94/><D132/><U133/><E61/><V90/><F90/><W69/><G69/><T52/><D97/><U56/><E56/><V34/><F34/><W12/><G45/><T53/><D66/><U1/><E1/><V122/><F122/><W134/><G134/><N who="1" m="51210" /><E98/><V113/><F113/><W109/><G109/><T119/><D119/><U59/><E59/><V20/><AGARI ba="1,0" hai="14,18,20,42,46,50,64,65,74,77,83,99,101,107" machi="20" ten="20,1500,0" yaku="0,1,7,1" doraHai="129" who="2" fromWho="2" sc="159,-5,322,-5,231,18,288,-8" owari="154,-35.0,317,42.0,249,-15.0,280,8.0" /></mjloggm>