<mjloggm ver="2.3"><GO type="169" lobby="0"/><UN n0="%E3%81%B7%E3%82%8B%E3%81%B7%E3%82%8B%E3%81%A0%E3%81%9E" n1="%E3%83%AA%E3%83%81%E3%83%A3%21%21" n2="%E7%9C%9F%E3%81%8B%E3%81%AB%E3%83%9E%E3%82%B8%E3%83%B3" n3="%E3%82%B7%E3%83%A9%E3%80%82" dan="16,17,17,16" rate="2070.31,2163.73,2215.72,2055.25" sx="M,M,M,M"/><TAIKYOKU oya="0"/><INIT seed="0,0,0,5,0,32" ten="250,250,250,250" oya="0" hai0="53,55,8,17,133,105,88,134,7,65,67,111,114" hai1="96,102,0,48,113,45,119,61,22,30,77,15,16" hai2="91,121,72,52,66,81,117,104,95,84,93,103,37" hai3="79,11,58,110,78,47,57,127,97,1,51,85,56"/><T9/><D105/><U33/><E119/><V71/><F37/><W50/><G110/><T109/><D114/><U36/><E113/><V23/><F71/><W26/><G127/><T63/><D17/><U126/><E126/><V31/><F66/><N who="0" m="25098" /><D88/><U19/><E61/><V100/><F23/><W41/><G51/><T76/><D76/><U115/><E36/><V92/><F52/><N who="0" m="20042" /><D63/><U5/><E115/><V54/><F54/><W4/><G97/><T116/><D116/><U18/><E77/><N who="2" m="44199" /><F31/><W64/><G64/><T73/><D73/><U135/><E30/><V59/><F59/><W122/><G122/><T130/><D130/><U108/><E19/><V69/><F69/><W90/><REACH who="3" step="1"/><G26/><REACH who="3" ten="250,250,250,240" step="2"/><T125/><D125/><U89/><E96/><N who="2" m="61543" /><F121/><W82/><AGARI ba="0,1" hai="1,4,11,41,47,50,56,57,58,78,79,82,85,90" machi="82" ten="30,7900,0" yaku="1,1,0,1,52,1,53,1" doraHai="32" doraHaiUra="86" who="3" fromWho="3" sc="250,-39,250,-20,250,-20,240,89" /><INIT seed="1,0,0,3,4,24" ten="211,230,230,329" oya="1" hai0="99,105,96,89,87,0,25,52,49,73,93,98,35" hai1="41,108,119,85,16,86,14,125,33,51,45,127,78" hai2="40,62,84,70,76,72,68,7,69,104,66,43,113" hai3="90,28,20,18,23,38,47,91,9,67,135,22,130"/><U48/><E119/><V15/><F104/><W2/><G135/><T31/><D0/><U115/><E115/><V58/><F72/><W34/><G130/><T100/><REACH who="0" step="1"/><D73/><REACH who="0" ten="201,230,230,329" step="2"/><U32/><E108/><V65/><F113/><W55/><G2/><T133/><D133/><U114/><E114/><V13/><F69/><W71/><G71/><T80/><D80/><U79/><E127/><V122/><F68/><W30/><G67/><T5/><D5/><U77/><E125/><V118/><F7/><W74/><G74/><T82/><D82/><U12/><E12/><V3/><F66/><W57/><G34/><T56/><AGARI ba="0,1" hai="25,31,35,49,52,56,87,89,93,96,98,99,100,105" machi="56" ten="20,16000,3" yaku="1,1,0,1,7,1,52,1,54,1,53,3" doraHai="24" doraHaiUra="94" who="0" fromWho="0" sc="201,170,230,-80,230,-40,329,-40" /><INIT seed="2,0,0,1,3,19" ten="371,150,190,289" oya="2" hai0="8,78,54,104,99,45,9,125,112,101,18,127,27" hai1="62,100,93,60,34,24,38,46,132,43,67,47,94" hai2="21,52,20,41,31,28,73,95,23,103,17,58,131" hai3="11,76,102,96,26,115,59,44,129,56,36,4,16"/><V98/><F73/><W79/><G129/><T126/><D112/><U35/><E132/><V61/><F131/><W92/><G115/><T70/><D70/><U13/><E13/><V88/><F41/><W49/><G36/><T122/><D122/><U65/><E100/><V5/><F5/><W29/><G79/><T97/><D78/><U53/><E53/><V68/><F68/><W110/><G110/><T87/><D87/><U91/><E24/><V12/><F103/><W57/><G76/><T37/><D99/><U89/><REACH who="1" step="1"/><E43/><REACH who="1" ten="371,140,190,289" step="2"/><V134/><F134/><W117/><G26/><T33/><D54/><U107/><E107/><V66/><F66/><W85/><G117/><T119/><D119/><U40/><E40/><V80/><F80/><W77/><G102/><T15/><D15/><U72/><E72/><V25/><F31/><W0/><G29/><T22/><D33/><AGARI ba="0,1" hai="12,17,20,21,23,25,28,33,52,58,61,88,95,98" machi="33" ten="30,18000,2" yaku="7,1,52,3,54,2" doraHai="19" who="2" fromWho="0" sc="371,-180,140,0,190,190,289,0" /><INIT seed="2,1,0,0,4,54" ten="191,140,380,289" oya="2" hai0="110,24,67,96,30,79,86,23,48,118,131,122,127" hai1="119,92,22,70,106,61,85,31,99,135,55,4,80" hai2="15,104,91,13,134,40,74,7,1,43,69,41,82" hai3="109,35,68,49,129,107,130,12,45,116,17,37,98"/><V3/><F104/><W103/><G116/><T39/><D122/><U34/><E119/><V21/><F69/><W76/><G35/><T100/><D118/><U42/><E135/><V132/><F21/><W59/><G68/><T66/><D110/><U125/><E34/><V95/><F82/><W5/><G109/><T18/><D131/><U58/><E125/><V29/><F29/><W57/><G5/><T8/><D39/><U9/><E70/><V114/><F74/><W63/><G37/><T0/><D127/><U65/><E106/><V105/><F105/><W46/><G76/><T111/><D111/><U53/><E42/><V32/><F32/><W77/><G77/><T51/><D0/><U84/><E22/><V27/><F27/><W44/><G49/><T64/><D8/><U72/><E31/><V52/><F114/><W75/><G75/><T2/><D2/><U36/><E36/><V89/><F7/><W11/><REACH who="3" step="1"/><G63/><REACH who="3" ten="191,140,380,279" step="2"/><T108/><D108/><U93/><E72/><V16/><F134/><W102/><G102/><T115/><D115/><U26/><E4/><V56/><F132/><W121/><G121/><T71/><D71/><U73/><E73/><V28/><F1/><W20/><G20/><T90/><D79/><U62/><E61/><N who="2" m="35975" /><F3/><W78/><G78/><T128/><D128/><AGARI ba="1,1" hai="11,12,17,44,45,46,57,59,98,103,107,128,129,130" machi="128" ten="40,8000,1" yaku="1,1,19,1,52,2,53,1" doraHai="54" doraHaiUra="101" who="3" fromWho="0" sc="191,-83,140,0,380,0,279,93" /><INIT seed="3,0,0,5,0,13" ten="108,140,380,372" oya="3" hai0="75,47,54,102,51,117,101,87,45,48,59,73,60" hai1="122,23,107,105,19,79,129,85,64,57,22,71,118" hai2="7,112,77,106,114,6,30,132,68,44,82,24,37" hai3="120,133,65,27,31,124,52,33,56,108,2,96,26"/><W32/><G120/><T86/><D117/><U125/><E122/><V70/><F106/><W135/><G2/><T5/><D5/><U74/><E118/><V83/><F132/><N who="3" m="50763" /><G124/><T94/><D94/><U16/><E125/><V113/><F6/><W126/><G126/><T8/><D8/><U58/><E74/><N who="2" m="43319" /><F7/><W63/><G108/><T50/><D60/><N who="1" m="37911" /><E71/><V53/><F83/><W121/><G121/><T111/><D59/><U93/><E107/><V91/><F91/><W89/><G65/><T116/><D116/><U17/><E105/><V29/><F53/><W14/><G14/><T38/><D111/><U110/><E110/><V41/><F30/><N who="3" m="19543" /><G89/><T18/><D50/><U49/><E129/><V109/><F109/><W72/><G72/><T10/><D10/><U123/><E123/><V0/><F0/><W119/><G119/><T127/><D127/><U42/><E79/><V90/><F90/><W97/><AGARI ba="0,0" hai="27,31,33,52,56,63,96,97" m="19543,50763" machi="97" ten="30,3000,0" yaku="20,1,54,1" doraHai="13" who="3" fromWho="3" sc="108,-10,140,-10,380,-10,372,30" /><INIT seed="3,1,0,2,1,90" ten="98,130,370,402" oya="3" hai0="0,6,27,130,115,60,86,107,73,109,30,22,1" hai1="20,28,100,16,41,88,67,133,45,118,17,74,97" hai2="120,18,58,35,12,47,117,72,44,127,63,75,79" hai3="108,55,68,113,7,33,81,34,39,23,21,95,29"/><W76/><G113/><T26/><D107/><U14/><E74/><V119/><F35/><W110/><G68/><T78/><D73/><U126/><E133/><V80/><F75/><W40/><G7/><T2/><D60/><U89/><E126/><V102/><F127/><W83/><G55/><T56/><D56/><U111/><E28/><V49/><F102/><W52/><G52/><T93/><D115/><U99/><E111/><N who="3" m="42538" /><G95/><T43/><D109/><U46/><E67/><V62/><F62/><W104/><G104/><T84/><D43/><U4/><E4/><V82/><F120/><W91/><G91/><N who="1" m="34890" /><E118/><V134/><F134/><W122/><G122/><T42/><D6/><U19/><E100/><V101/><F101/><W57/><G57/><T37/><D42/><U96/><E41/><V53/><F47/><AGARI ba="1,0" hai="14,16,17,19,20,45,46,47,96,97,99" m="34890" machi="47" ten="30,3900,0" yaku="8,1,54,2" doraHai="90" who="1" fromWho="2" sc="98,0,130,42,370,-42,402,0" /><INIT seed="4,0,0,5,5,100" ten="98,172,328,402" oya="0" hai0="122,5,44,7,111,70,108,13,3,31,126,4,30" hai1="121,133,92,90,64,69,48,43,99,0,21,12,77" hai2="52,88,50,62,67,76,102,55,113,104,124,14,130" hai3="9,80,101,128,93,120,28,68,60,106,16,36,135"/><T53/><D70/><U87/><E121/><V115/><F76/><W97/><G36/><T118/><D53/><U39/><E0/><V19/><F124/><W75/><G120/><T20/><D44/><N who="1" m="25631" /><E39/><V46/><F55/><W89/><G135/><T86/><D86/><U37/><E133/><V82/><F130/><W2/><G128/><T132/><D122/><U109/><E109/><N who="0" m="42057" /><D132/><U27/><E37/><V119/><F119/><W18/><G28/><N who="0" m="10795" /><D118/><U73/><E73/><V129/><F129/><W1/><G60/><T116/><D116/><U79/><E69/><V41/><F41/><W17/><G9/><N who="0" m="2207" /><D126/><U127/><E64/><V83/><F67/><W6/><G68/><T15/><D15/><U125/><E12/><V84/><F62/><W24/><G75/><T112/><D112/><U110/><E110/><V58/><F58/><W63/><G63/><T34/><D34/><U71/><E71/><V59/><F59/><W26/><G80/><T78/><D78/><N who="1" m="29707" /><E127/><V29/><F82/><W56/><G56/><T72/><D72/><U33/><E33/><V61/><F61/><W35/><G35/><T57/><D57/><U51/><E125/><V123/><F123/><W8/><G1/><T114/><D114/><U65/><E65/><V85/><F85/><W96/><AGARI ba="0,0" hai="2,6,8,16,17,18,24,26,89,93,96,97,101,106" machi="96" ten="30,4000,0" yaku="0,1,52,1,54,1" doraHai="100" who="3" fromWho="3" sc="98,-20,172,-10,328,-10,402,40" /><INIT seed="5,0,0,3,2,54" ten="78,162,318,442" oya="1" hai0="17,82,71,24,67,118,70,119,83,14,129,77,42" hai1="22,56,62,89,73,60,66,32,93,84,53,4,107" hai2="110,124,30,13,50,120,37,69,28,106,9,122,125" hai3="35,41,128,108,127,46,34,113,36,121,21,11,38"/><U33/><E73/><V0/><F37/><W133/><G108/><T101/><D129/><U86/><E107/><V52/><F69/><W91/><G121/><T76/><D42/><U58/><E4/><V90/><F0/><W92/><G38/><T114/><D101/><U40/><E40/><V65/><F65/><W64/><G64/><T116/><D24/><U68/><E68/><V117/><F117/><W72/><G72/><T20/><D114/><U99/><E32/><V18/><F110/><W79/><G79/><T131/><D131/><U6/><E33/><V126/><F106/><W19/><G128/><T111/><D111/><U105/><E105/><V98/><F98/><W88/><G91/><T132/><D132/><U48/><E48/><V115/><F90/><W74/><G74/><T102/><D102/><U49/><E49/><V95/><F95/><W85/><G113/><T100/><D100/><U45/><E45/><N who="2" m="27727" /><F115/><W15/><G133/><T55/><D55/><U109/><E109/><V94/><F94/><W47/><G127/><T80/><REACH who="0" step="1"/><D70/><REACH who="0" ten="68,162,318,442" step="2"/><U44/><E44/><V57/><F122/><W5/><G47/><T63/><AGARI ba="0,1" hai="14,17,20,63,67,71,76,77,80,82,83,116,118,119" machi="63" ten="40,5200,0" yaku="1,1,2,1,0,1,53,0" doraHai="54" doraHaiUra="26" who="0" fromWho="0" sc="68,62,162,-26,318,-13,442,-13" /><INIT seed="6,0,0,1,2,82" ten="130,136,305,429" oya="2" hai0="11,66,108,122,1,61,70,67,103,55,14,35,90" hai1="38,71,105,75,60,86,116,97,117,96,112,22,106" hai2="49,101,43,9,121,53,87,7,27,92,59,128,54" hai3="134,8,85,47,74,100,26,91,99,0,62,132,93"/><V20/><F128/><W12/><G0/><T114/><D122/><U18/><E38/><V73/><F73/><W119/><G119/><T34/><D108/><U39/><E39/><V120/><F43/><W125/><G125/><T44/><D1/><U111/><E111/><V5/><F5/><W88/><G74/><T32/><D103/><U3/><E3/><V13/><F54/><W36/><G62/><T4/><D114/><U52/><E75/><V94/><F101/><W107/><G26/><T17/><D67/><U78/><E71/><V84/><F121/><W81/><G47/><T48/><REACH who="0" step="1"/><D90/><REACH who="0" ten="120,136,305,429" step="2"/><U76/><E112/><V45/><F120/><W30/><G91/><T24/><D24/><N who="1" m="14423" /><E117/><V77/><F77/><N who="1" m="29801" /><E116/><V6/><F6/><AGARI ba="0,1" hai="4,6,11,14,17,32,34,35,44,48,55,61,66,70" machi="6" ten="40,1300,0" yaku="1,1,53,0" doraHai="82" doraHaiUra="110" who="0" fromWho="2" sc="120,23,136,0,305,-13,429,0" /><INIT seed="7,0,0,1,3,113" ten="143,136,292,429" oya="3" hai0="111,123,35,6,49,9,41,124,67,59,14,72,70" hai1="134,129,63,130,64,71,55,108,88,92,12,84,98" hai2="109,116,11,114,4,22,110,2,80,105,38,77,36" hai3="103,85,132,104,53,82,61,15,87,3,125,56,97"/><W48/><G3/><T13/><D72/><U33/><E134/><V0/><F114/><W133/><G125/><T128/><D111/><U99/><E108/><V102/><F0/><W45/><G15/><N who="0" m="5559" /><D70/><U43/><E33/><V30/><F22/><W39/><G39/><T52/><D35/><U1/><E1/><V8/><F8/><W86/><REACH who="3" step="1"/><G82/><REACH who="3" ten="143,136,292,419" step="2"/><T37/><D37/><U119/><E12/><V24/><F109/><W107/><G107/><T58/><D124/><U127/><E127/><V17/><F110/><W76/><G76/><T51/><D123/><U50/><E130/><V40/><F36/><W74/><G74/><T46/><D128/><U32/><E129/><V73/><F17/><W25/><G25/><T78/><D78/><U62/><E119/><V54/><F24/><W131/><G131/><T5/><D5/><U106/><E106/><V66/><F30/><W68/><G68/><T26/><D26/><U23/><E32/><V126/><F126/><W31/><G31/><T16/><D16/><U93/><E23/><V65/><F116/><W120/><G120/><T121/><D121/><U117/><E117/><V7/><F7/><W75/><G75/><T34/><D34/><U44/><E93/><V28/><F28/><W69/><G69/><T95/><D95/><U79/><E79/><V115/><F115/><W101/><G101/><T19/><D19/><U118/><E118/><V135/><F102/><W42/><AGARI ba="0,1" hai="42,45,48,53,56,61,85,86,87,97,103,104,132,133" machi="42" ten="30,3000,0" yaku="1,1,0,1,53,0" doraHai="113" doraHaiUra="122" who="3" fromWho="3" sc="143,-10,136,-10,292,-10,419,40" owari="133,-27.0,126,-37.0,282,8.0,459,56.0" /></mjloggm>