<mjloggm ver="2.3"><GO type="169" lobby="0"/><UN n0="%E6%B2%96%E3%83%92%E3%82%AB%E3%83%AB%EF%BC%88%E6%9C%AC%E7%89%A9%EF%BC%89" n1="%E3%83%A1%E3%82%AB%E3%82%BC%E3%83%83%E3%83%88%E3%83%B3" n2="%E3%83%AA%E3%83%81%E3%83%A3%21%21" n3="%52%45%4E%45%47%45" dan="16,17,17,16" rate="2113.31,2154.05,2163.26,2121.04" sx="F,M,M,F"/><TAIKYOKU oya="0"/><INIT seed="0,0,0,0,2,106" ten="250,250,250,250" oya="0" hai0="107,86,114,92,88,84,46,29,123,11,119,103,80" hai1="38,50,97,60,126,116,8,77,17,39,96,79,98" hai2="104,78,22,7,25,41,128,87,91,43,101,21,48" hai3="74,24,31,49,81,72,131,28,34,47,19,121,135"/><T113/><D29/><U124/><E116/><V70/><F70/><W51/><G131/><T108/><D119/><U56/><E50/><V32/><F128/><W115/><G115/><T0/><D123/><U27/><E27/><V99/><F7/><W75/><G135/><T44/><D108/><U118/><E118/><V132/><F132/><W105/><G105/><T3/><D107/><U83/><E17/><V111/><F111/><W82/><G121/><T122/><D122/><U54/><E8/><V53/><F78/><W65/><G31/><T134/><D134/><U55/><E55/><V66/><F66/><W4/><G4/><T63/><D63/><U112/><E112/><V117/><F32/><W89/><G65/><T125/><D103/><U10/><E10/><V93/><F117/><W95/><G19/><T15/><D114/><U120/><E120/><V73/><F73/><W59/><G59/><T20/><D113/><U1/><E1/><V90/><F90/><W57/><G57/><T133/><D133/><U14/><E14/><V12/><F12/><W127/><G127/><N who="1" m="48682" /><E77/><V9/><F9/><W94/><G94/><T61/><D61/><U13/><E13/><V100/><F21/><W69/><G69/><T52/><D20/><U16/><E16/><N who="2" m="12487" /><F48/><N who="3" m="18507" /><G47/><N who="0" m="17963" /><D125/><U102/><E102/><N who="2" m="62559" /><F53/><W62/><G62/><T71/><D52/><U40/><E40/><N who="2" m="15435" /><F101/><W130/><G130/><T37/><D71/><U64/><E64/><V6/><F100/><W30/><G30/><T23/><D23/><U110/><E110/><V36/><F6/><W67/><G67/><T76/><D37/><AGARI ba="0,0" hai="36,37,87,91,93" m="15435,62559,12487" machi="37" ten="30,2000,0" yaku="6,1,54,1" doraHai="106" who="2" fromWho="0" sc="250,-20,250,0,250,20,250,0" /><INIT seed="1,0,0,0,1,78" ten="230,250,270,250" oya="1" hai0="51,34,58,109,60,90,42,72,107,62,124,59,115" hai1="76,69,13,23,71,57,12,108,48,125,21,104,94" hai2="85,82,117,80,100,112,30,17,43,4,27,54,9" hai3="22,101,44,55,45,114,16,105,68,50,18,6,89"/><U110/><E104/><V111/><F117/><W79/><G68/><N who="1" m="26186" /><E94/><V66/><F112/><W123/><G123/><T33/><D115/><U7/><E7/><V32/><F66/><W106/><G114/><T87/><D72/><U116/><E116/><V29/><F43/><W3/><G6/><T10/><D107/><U119/><E119/><V46/><F111/><N who="1" m="42537" /><E76/><V19/><F100/><W134/><G3/><T8/><D109/><U2/><E2/><V98/><F98/><W61/><G79/><T83/><D124/><U135/><E125/><V75/><F75/><W74/><G74/><T81/><D42/><U37/><E37/><V5/><F85/><W97/><G89/><T15/><D90/><U24/><E135/><V11/><F27/><W88/><G134/><T41/><D87/><U39/><E39/><V47/><REACH who="2" step="1"/><F32/><REACH who="2" ten="230,250,260,250" step="2"/><W64/><G97/><T99/><D99/><U52/><E23/><V121/><F121/><W63/><G101/><T127/><D41/><U28/><AGARI ba="0,1" hai="12,13,21,24,28,48,52,57" m="42537,26186" machi="28" ten="30,6000,0" yaku="14,1,10,1,54,1" doraHai="78" who="1" fromWho="1" sc="230,-20,250,70,260,-20,250,-20" /><INIT seed="1,1,0,0,2,75" ten="210,320,240,230" oya="1" hai0="64,89,36,80,117,76,115,92,22,53,48,74,127" hai1="112,122,67,6,87,51,42,103,72,135,17,12,35" hai2="119,16,45,34,130,13,70,69,49,61,108,78,15" hai3="128,30,9,63,84,99,56,123,94,97,109,8,20"/><U124/><E72/><V58/><F119/><W47/><G123/><T88/><D117/><U82/><E35/><V10/><F34/><W14/><G109/><T7/><D36/><U44/><E122/><V25/><F108/><W31/><G128/><T24/><D115/><U96/><E112/><V18/><F130/><W100/><G47/><T113/><D113/><U98/><E124/><V68/><F25/><W43/><G43/><T40/><D7/><U102/><E135/><V62/><F78/><W106/><G84/><T120/><D127/><U133/><E6/><V32/><F32/><W93/><G106/><T5/><D5/><U125/><E67/><V3/><F3/><W132/><G132/><T11/><D11/><N who="3" m="4169" /><G20/><T65/><D40/><U37/><E37/><V21/><REACH who="2" step="1"/><F58/><REACH who="2" ten="210,320,230,230" step="2"/><W114/><G14/><T54/><D120/><U73/><E125/><V0/><F0/><W129/><G129/><T83/><D54/><AGARI ba="1,1" hai="10,13,15,16,18,21,45,49,54,61,62,68,69,70" machi="54" ten="40,2600,0" yaku="1,1,54,1,53,0" doraHai="75" doraHaiUra="90" who="2" fromWho="0" sc="210,-29,320,0,230,39,230,0" /><INIT seed="2,0,0,4,4,0" ten="181,320,269,230" oya="2" hai0="98,46,39,125,63,85,92,22,122,11,105,24,133" hai1="13,90,42,120,38,34,8,95,103,14,101,74,87" hai2="40,110,123,126,26,53,64,119,102,5,117,56,108" hai3="97,88,4,77,36,6,37,21,130,134,71,35,100"/><V65/><F123/><W43/><G35/><T67/><D122/><U94/><E34/><V25/><F102/><W121/><G121/><T31/><D133/><U99/><E120/><V18/><F18/><W112/><G71/><T54/><D125/><U70/><E70/><V3/><F126/><W115/><G77/><T7/><D85/><U75/><E42/><V30/><F26/><W104/><G130/><T52/><D105/><U45/><E45/><V51/><F25/><W89/><G134/><T96/><D39/><N who="3" m="14921" /><G43/><T1/><D46/><U132/><E38/><V50/><F30/><W107/><G21/><T128/><D128/><U118/><E132/><V48/><F3/><W23/><G23/><T129/><D98/><N who="1" m="59607" /><E13/><V33/><F5/><N who="3" m="2155" /><G107/><T109/><D109/><N who="2" m="42090" /><F33/><W62/><G62/><T44/><D44/><U32/><E32/><V84/><F84/><W28/><G28/><T116/><D129/><U58/><E87/><V69/><F40/><W83/><G83/><T82/><D82/><U124/><E124/><V29/><F29/><W61/><G61/><T2/><D2/><U9/><E74/><V16/><F16/><W81/><G81/><T27/><D27/><U68/><E75/><V111/><N who="2" m="42098" /><V10/><DORA hai="66" /><F69/><W59/><G59/><N who="0" m="37375" /><D116/><N who="2" m="44618" /><F10/><W72/><G72/><T113/><D11/><U47/><E8/><V12/><F12/><W106/><G106/><T19/><D7/><U41/><E9/><V20/><F20/><W60/><G60/><AGARI ba="0,0" hai="48,50,51,53,56,60,64,65" m="44618,42098" machi="60" ten="50,12000,1" yaku="14,1,10,1,34,2" doraHai="0,66" who="2" fromWho="3" sc="181,0,320,0,269,120,230,-120" /><INIT seed="2,1,0,3,5,28" ten="181,320,389,110" oya="2" hai0="115,45,12,123,42,69,93,29,36,103,74,84,41" hai1="85,49,35,67,124,6,112,121,61,30,14,79,59" hai2="10,86,63,13,31,134,18,38,70,91,111,83,127" hai3="75,47,40,105,5,3,68,32,88,19,48,71,60"/><V1/><F38/><W132/><G105/><T104/><D123/><U126/><E112/><V23/><F134/><W130/><G130/><T50/><D69/><U8/><E121/><V117/><F117/><W118/><G118/><T73/><D115/><U81/><REACH who="1" step="1"/><E49/><REACH who="1" ten="181,310,389,110" step="2"/><V25/><F127/><W80/><G48/><T94/><D50/><U39/><E39/><V114/><F114/><W7/><G132/><T46/><D36/><U17/><E17/><V55/><F111/><W52/><G19/><T87/><D29/><U15/><E15/><V97/><F1/><W95/><G3/><T44/><D12/><U37/><E37/><V56/><F70/><W131/><G5/><T100/><D45/><U122/><E122/><V33/><REACH who="2" step="1"/><F97/><REACH who="2" ten="181,310,379,110" step="2"/><N who="3" m="57575" /><G71/><T128/><REACH who="0" step="1"/><D104/><REACH who="0" ten="171,310,379,110" step="2"/><U109/><E109/><V58/><F58/><W4/><G68/><T22/><D22/><AGARI ba="1,3" hai="10,13,18,22,23,25,31,33,55,56,63,83,86,91" machi="22" ten="40,3900,0" yaku="1,1,52,1,53,0" doraHai="28" doraHaiUra="43" who="2" fromWho="0" sc="171,-42,310,0,379,72,110,0" /><INIT seed="2,2,0,4,3,117" ten="129,310,451,110" oya="2" hai0="67,132,127,84,98,101,17,63,131,9,40,45,92" hai1="62,102,118,53,93,3,4,26,82,51,77,130,96" hai2="1,124,68,56,66,31,15,120,60,48,19,90,22" hai3="129,74,76,104,46,123,107,5,61,18,50,43,109"/><V33/><F1/><W89/><G109/><T14/><D131/><U29/><E118/><V105/><F105/><W108/><G108/><T58/><D132/><U83/><E130/><V97/><F124/><W47/><G129/><T65/><D127/><U0/><E62/><V44/><F120/><W87/><G123/><T110/><D110/><U11/><E3/><V75/><F75/><W113/><G113/><T128/><D128/><U42/><E42/><V6/><F6/><W79/><G5/><T21/><D84/><U95/><E95/><V41/><F33/><W32/><G32/><T121/><D121/><U100/><E100/><V8/><F31/><W73/><G61/><T25/><D67/><U69/><E69/><V125/><F125/><W10/><G10/><T37/><D37/><U59/><E77/><V36/><F90/><W112/><G18/><T23/><D25/><U81/><E81/><V34/><F97/><W115/><G89/><T7/><D7/><U78/><E78/><V38/><F34/><AGARI ba="2,0" hai="0,4,11,26,29,34,51,53,59,82,83,93,96,102" machi="34" ten="30,1000,0" yaku="7,1" doraHai="117" who="1" fromWho="2" sc="129,0,310,16,451,-16,110,0" /><INIT seed="3,0,0,0,0,99" ten="129,326,435,110" oya="3" hai0="12,110,2,18,24,38,117,63,39,82,14,122,86" hai1="100,16,9,130,124,97,108,75,71,121,74,116,31" hai2="109,10,7,8,5,46,0,43,35,52,113,72,33" hai3="53,66,22,125,26,23,104,67,94,119,92,45,88"/><W107/><G125/><T70/><D2/><U3/><E71/><V21/><F72/><W54/><G45/><T41/><D122/><U81/><E121/><V90/><F113/><W120/><G26/><T25/><D117/><U1/><E116/><V56/><F109/><W85/><G119/><T47/><D14/><U27/><E108/><V115/><F21/><W96/><G120/><T34/><D110/><U65/><E65/><N who="3" m="24586" /><G107/><T95/><D39/><U64/><E64/><V101/><F101/><N who="3" m="60567" /><G104/><T30/><D25/><U62/><E124/><V87/><F115/><W37/><G37/><T17/><D70/><U60/><E27/><V57/><F57/><W73/><G73/><T133/><D63/><U131/><E60/><V118/><F118/><W112/><G112/><T80/><D133/><U127/><E62/><V40/><F40/><W50/><G54/><T6/><D95/><U51/><E127/><V20/><F20/><W55/><G55/><T76/><D82/><U69/><E81/><V58/><F58/><W68/><G68/><T36/><REACH who="0" step="1"/><D38/><REACH who="0" ten="119,326,435,110" step="2"/><U78/><E69/><V19/><F0/><W77/><G77/><T106/><D106/><U91/><E78/><V134/><F134/><W103/><G50/><T89/><D89/><U93/><E51/><V15/><F90/><W48/><G103/><T98/><D98/><U114/><E100/><V128/><F15/><W49/><G49/><T123/><D123/><U111/><E111/><V4/><F5/><W83/><G83/><T59/><D59/><U42/><E114/><V11/><F4/><W79/><G79/><RYUUKYOKU ba="0,1" sc="119,15,326,-15,435,-15,110,15" hai0="6,12,17,18,24,30,34,36,41,47,76,80,86" hai3="22,23,48,53,85,88,92" /><INIT seed="3,1,1,5,1,129" ten="134,311,420,125" oya="3" hai0="80,28,114,85,42,51,67,107,69,134,32,2,65" hai1="81,119,128,5,74,97,133,27,90,93,68,94,113" hai2="55,88,4,71,47,82,98,101,11,121,23,86,135" hai3="1,89,16,110,6,37,84,125,50,57,52,75,108"/><W39/><G75/><T34/><D2/><U56/><E68/><V96/><F71/><W49/><G125/><T120/><D107/><U8/><E113/><V116/><F116/><W109/><G49/><T30/><D120/><U7/><E119/><V79/><F121/><W104/><G104/><T25/><D114/><U73/><E128/><V18/><F135/><W83/><REACH who="3" step="1"/><G16/><REACH who="3" ten="134,311,420,115" step="2"/><T40/><D134/><U64/><E73/><V0/><F18/><W102/><G102/><T10/><D51/><U19/><E19/><V132/><F101/><W76/><G76/><T124/><D124/><U118/><E74/><V127/><F127/><W130/><G130/><T100/><D100/><U43/><E133/><V14/><F79/><W26/><G26/><T3/><D25/><U53/><E27/><V126/><F132/><W59/><G59/><T60/><D69/><U12/><E56/><V15/><F126/><W29/><G29/><T115/><D115/><U103/><E103/><V61/><F47/><W33/><G33/><T106/><D106/><U62/><E118/><V87/><F61/><W122/><G122/><T17/><D60/><U77/><E62/><V24/><F24/><W70/><G70/><T41/><D17/><U48/><E48/><V20/><F4/><W72/><G72/><T44/><D44/><U35/><E7/><V99/><F11/><AGARI ba="1,2" hai="1,6,11,37,39,50,52,57,83,84,89,108,109,110" machi="11" ten="40,12000,1" yaku="1,1,14,1,10,1,54,1,53,0" doraHai="129" doraHaiUra="21" who="3" fromWho="2" sc="134,0,311,0,420,-123,115,143" /><INIT seed="3,2,0,4,0,0" ten="134,311,297,258" oya="3" hai0="90,11,32,106,97,102,107,7,30,70,61,16,52" hai1="34,1,13,2,117,98,112,94,133,134,19,85,110" hai2="115,69,80,49,37,44,103,8,77,113,63,99,15" hai3="58,72,27,104,4,83,73,86,50,47,91,5,71"/><W56/><G71/><T122/><D122/><U124/><E34/><V6/><F37/><W65/><G104/><T17/><D106/><U109/><E85/><V21/><F21/><W132/><G132/><N who="1" m="50794" /><E112/><V95/><F63/><N who="3" m="38119" /><G73/><T10/><D90/><N who="1" m="55639" /><E124/><V116/><F69/><W59/><G72/><T92/><D92/><U42/><E42/><V75/><REACH who="2" step="1"/><F116/><REACH who="2" ten="134,311,287,258" step="2"/><W55/><G27/><N who="0" m="18527" /><D11/><N who="1" m="6591" /><E117/><V101/><F101/><W39/><G39/><T130/><D130/><U82/><E82/><V24/><F24/><W3/><G83/><T84/><D84/><U31/><E31/><V100/><F100/><W12/><G86/><T111/><D111/><AGARI ba="2,1" hai="1,2,109,110,111" m="6591,55639,50794" machi="111" ten="30,2000,0" yaku="14,1,20,1" doraHai="0" who="1" fromWho="0" sc="134,-26,311,36,287,0,258,0" /><INIT seed="4,0,0,5,5,118" ten="108,347,287,258" oya="0" hai0="25,41,38,133,107,8,37,54,19,29,90,44,5" hai1="106,94,98,135,17,87,85,67,30,63,18,117,32" hai2="46,43,84,51,126,45,86,47,21,122,72,127,26" hai3="7,70,134,27,34,57,20,100,31,130,96,66,49"/><T6/><D107/><U71/><E117/><V124/><F72/><W62/><G130/><T13/><D133/><U65/><E65/><V128/><F128/><W83/><G7/><T82/><D38/><U69/><E69/><V115/><F115/><W110/><G110/><T39/><D39/><U97/><E135/><V15/><F15/><W93/><G134/><T81/><D54/><U2/><E2/><V59/><F122/><W68/><G34/><T111/><D111/><U56/><E56/><V95/><F95/><W91/><G49/><T108/><D108/><U99/><E106/><V28/><F59/><W14/><G14/><T104/><D104/><U109/><E109/><V102/><F102/><W16/><G16/><T0/><D90/><U55/><E55/><N who="2" m="30191" /><F47/><W78/><REACH who="3" step="1"/><G91/><REACH who="3" ten="108,347,287,248" step="2"/><T33/><REACH who="0" step="1"/><D5/><REACH who="0" ten="98,347,287,248" step="2"/><U119/><E119/><V92/><F124/><W4/><G4/><T53/><D53/><U120/><E67/><V112/><F126/><W125/><G125/><T105/><D105/><U50/><E50/><V88/><F127/><W74/><AGARI ba="0,2" hai="20,27,31,57,62,66,68,70,74,78,83,93,96,100" machi="74" ten="20,12000,2" yaku="1,1,0,1,7,1,25,2,53,1" doraHai="118" doraHaiUra="89" who="3" fromWho="3" sc="98,-60,347,-30,287,-30,248,140" /><INIT seed="5,0,0,5,0,58" ten="38,317,257,388" oya="1" hai0="86,30,45,43,7,122,76,17,38,63,3,92,0" hai1="2,51,73,1,9,50,96,69,84,135,132,102,62" hai2="72,21,88,61,91,127,67,85,20,74,81,15,95" hai3="40,80,87,123,106,52,55,31,75,121,46,23,26"/><U24/><E73/><V105/><F105/><W112/><G75/><T34/><D122/><U89/><E24/><V49/><F127/><W11/><G106/><T109/><D109/><U101/><E101/><V79/><F49/><N who="1" m="18441" /><E9/><V10/><F91/><W100/><G100/><T110/><D110/><U97/><E97/><V36/><F36/><W113/><G11/><T128/><D128/><U60/><E69/><V14/><F14/><W57/><G46/><T83/><D92/><N who="1" m="58631" /><E2/><V71/><REACH who="2" step="1"/><F72/><REACH who="2" ten="38,317,247,388" step="2"/><W134/><G121/><T27/><D7/><AGARI ba="0,1" hai="7,10,15,20,21,61,67,71,74,79,81,85,88,95" machi="7" ten="30,8000,1" yaku="1,1,2,1,7,1,52,1,54,1,53,0" doraHai="58" doraHaiUra="70" who="2" fromWho="0" sc="38,-80,317,0,247,90,388,0" owari="-42,-54.0,317,-8.0,337,14.0,388,48.0" /></mjloggm>