<mjloggm ver="2.3"><GO type="169" lobby="0"/><UN n0="%E3%83%96%E3%83%AB%E3%83%BC%E3%82%AB%E3%83%9F%E3%82%AB%E3%82%BC" n1="%4E%4F%54%41" n2="%E3%83%AA%E3%83%81%E3%83%A3%21%21" n3="%E3%82%A2%E3%82%A4%E3%82%A8%E3%83%83%EF%BC%81%EF%BC%9F" dan="16,17,17,16" rate="2093.40,2140.03,2157.51,2037.62" sx="M,M,M,M"/><TAIKYOKU oya="0"/><INIT seed="0,0,0,0,2,112" ten="250,250,250,250" oya="0" hai0="104,35,40,93,6,32,2,20,26,46,74,116,3" hai1="0,60,43,101,51,13,23,126,111,45,95,80,131" hai2="130,4,128,124,119,132,25,49,92,79,15,19,44" hai3="133,63,58,100,96,84,47,75,61,122,36,76,50"/><T67/><D104/><U34/><E111/><V29/><F79/><W123/><G133/><T89/><D74/><U91/><E131/><N who="2" m="50219" /><F132/><W38/><G75/><T7/><D67/><U118/><E34/><V57/><F57/><W120/><G84/><T109/><D109/><U81/><E126/><V5/><F92/><W11/><G11/><T37/><D116/><U16/><E118/><V8/><F124/><W98/><G76/><T53/><D53/><U110/><E0/><V52/><F119/><W78/><G78/><T99/><D3/><U115/><E110/><V17/><F17/><W42/><G61/><T113/><D113/><U33/><E33/><AGARI ba="0,0" hai="4,5,8,15,19,25,29,33,44,49,52" m="50219" machi="33" ten="30,2000,0" yaku="19,1,54,1" doraHai="112" who="2" fromWho="1" sc="250,0,250,-20,250,20,250,0" /><INIT seed="1,0,0,3,0,123" ten="250,230,270,250" oya="1" hai0="61,80,71,11,131,55,70,106,129,89,95,85,54" hai1="41,43,113,59,77,132,35,92,45,69,91,65,93" hai2="126,114,47,68,87,88,10,9,60,15,116,4,14" hai3="124,18,56,6,127,90,66,24,101,20,120,110,111"/><U81/><E113/><V44/><F116/><W33/><G120/><T105/><D11/><U107/><E132/><V67/><F114/><W121/><G121/><T32/><D32/><U63/><E35/><V57/><F68/><N who="0" m="26154" /><D95/><U62/><E107/><N who="0" m="40969" /><D61/><U84/><E45/><V16/><REACH who="2" step="1"/><F126/><REACH who="2" ten="250,230,260,250" step="2"/><N who="3" m="48171" /><G101/><T79/><D79/><U97/><REACH who="1" step="1"/><E92/><AGARI ba="0,1" hai="4,9,10,14,15,16,44,47,57,60,67,87,88,92" machi="92" ten="30,12000,2" yaku="1,1,7,1,8,1,54,2,53,1" doraHai="123" doraHaiUra="52" who="2" fromWho="1" sc="250,0,230,-120,260,130,250,0" /><INIT seed="2,0,0,4,1,130" ten="250,110,390,250" oya="2" hai0="95,110,40,132,65,21,111,9,28,29,108,57,35" hai1="30,23,5,74,70,90,114,92,33,48,91,127,68" hai2="45,13,55,113,18,107,100,69,121,2,11,84,44" hai3="124,89,81,20,87,51,129,101,61,26,125,62,112"/><V41/><F113/><W78/><G129/><T109/><D35/><U25/><E114/><V15/><F121/><W88/><G101/><T106/><D106/><U63/><E127/><N who="3" m="48714" /><G51/><T6/><D40/><U103/><E74/><V22/><F69/><W54/><G112/><T96/><N who="0" m="27648" /><DORA hai="118" /><T58/><D132/><U80/><E5/><V50/><F2/><W133/><G133/><T3/><D65/><U93/><E33/><V64/><F64/><W77/><G54/><T43/><D43/><U76/><E48/><V99/><F84/><W98/><G98/><T131/><D131/><U8/><E8/><V31/><F31/><N who="3" m="17863" /><G89/><T126/><D126/><U123/><E123/><V53/><REACH who="2" step="1"/><F45/><REACH who="2" ten="250,110,380,250" step="2"/><W86/><G78/><T115/><D115/><U36/><E76/><V52/><F52/><W73/><G86/><T7/><D28/><U105/><E30/><V117/><F117/><W71/><G71/><T135/><D135/><U122/><E68/><V17/><AGARI ba="0,1" hai="11,13,15,17,18,22,41,44,50,53,55,99,100,107" machi="17" ten="20,3900,0" yaku="1,1,0,1,7,1,53,0" doraHai="130,118" doraHaiUra="67,128" who="2" fromWho="2" sc="250,-13,110,-13,380,49,250,-13" /><INIT seed="2,1,0,0,5,70" ten="237,97,429,237" oya="2" hai0="69,122,36,128,25,129,27,133,88,132,9,22,59" hai1="108,7,48,50,21,41,42,85,57,18,29,64,105" hai2="60,81,114,97,63,31,110,15,117,61,11,90,68" hai3="17,5,84,80,3,130,44,8,78,58,131,101,39"/><V14/><F117/><W77/><G101/><T89/><D69/><U40/><E108/><V12/><F114/><W94/><G94/><T125/><D122/><U134/><E105/><V62/><F110/><W71/><G71/><T1/><D59/><U79/><E134/><N who="0" m="51817" /><D36/><U73/><E73/><V54/><F31/><W116/><G116/><T51/><D51/><U87/><E29/><V10/><F68/><W95/><G95/><T56/><D56/><U113/><E7/><V35/><F35/><W74/><G58/><T119/><D119/><U4/><E4/><V30/><F30/><W75/><G17/><N who="0" m="12495" /><D27/><U124/><E124/><V32/><F32/><W38/><G84/><N who="1" m="32330" /><E79/><V126/><F126/><W135/><G135/><T55/><D55/><U93/><E93/><N who="2" m="56503" /><F81/><N who="3" m="45239" /><G44/><T53/><D53/><U67/><E113/><V28/><F28/><W99/><G99/><T52/><D52/><N who="1" m="31879" /><E50/><V23/><F54/><W91/><G91/><N who="0" m="34891" /><D125/><U82/><E82/><V118/><F118/><W37/><AGARI ba="1,0" hai="3,5,8,37,38,39,75,78,80,130,131" m="45239" machi="37" ten="40,8000,1" yaku="23,1,52,3" doraHai="70" who="3" fromWho="3" sc="237,-21,97,-21,429,-41,237,83" /><INIT seed="3,0,0,3,2,0" ten="216,76,388,320" oya="3" hai0="71,63,125,99,59,78,102,119,81,117,27,121,60" hai1="123,111,8,42,130,40,128,72,32,127,14,30,70" hai2="87,88,45,35,16,126,22,116,114,134,56,109,24" hai3="33,106,50,65,17,97,83,52,132,73,76,131,57"/><W7/><G33/><T54/><D121/><U62/><E123/><V1/><F114/><W55/><G131/><N who="1" m="50218" /><E72/><V96/><F1/><W11/><G132/><T43/><D43/><U51/><E111/><V23/><F116/><W29/><G29/><T18/><D125/><U64/><E127/><V38/><F126/><W95/><G106/><T61/><D18/><N who="1" m="8519" /><E51/><V92/><F109/><W80/><G17/><T25/><D117/><U133/><E133/><V118/><F35/><W77/><G65/><T12/><D12/><U5/><E5/><V37/><F118/><W94/><G55/><T13/><D13/><U108/><E108/><V6/><F6/><W100/><G100/><T10/><D10/><U19/><E19/><V46/><F134/><W41/><G41/><T31/><D31/><U103/><E103/><N who="2" m="60807" /><F38/><W104/><G104/><T86/><D119/><U21/><E21/><V89/><F37/><W36/><G36/><T120/><D120/><U84/><E84/><V79/><F23/><W93/><G97/><T28/><D71/><U47/><E47/><N who="2" m="17931" /><F56/><W69/><G69/><T91/><D28/><U66/><E66/><V39/><F39/><W75/><G7/><T101/><D101/><U2/><E2/><V113/><F113/><W20/><G20/><T68/><D68/><U105/><E105/><V48/><F48/><W44/><G11/><T129/><D129/><U26/><AGARI ba="0,0" hai="26,30,32,40,42,62,64,70" m="8519,50218" machi="26" ten="30,1100,0" yaku="19,1" doraHai="0" who="1" fromWho="1" sc="216,-3,76,11,388,-3,320,-5" /><INIT seed="4,0,0,0,2,12" ten="213,87,385,315" oya="0" hai0="27,53,97,32,9,21,75,131,130,6,3,44,100" hai1="15,11,10,71,99,91,0,88,50,67,105,72,83" hai2="33,80,68,116,25,59,133,70,69,30,13,62,41" hai3="108,22,98,58,29,36,84,76,73,114,14,43,109"/><T65/><D75/><U5/><E71/><V103/><F133/><W51/><G73/><T110/><D110/><U135/><E135/><V74/><F116/><W101/><G114/><T38/><D65/><U95/><E105/><V87/><F74/><W7/><G36/><T8/><D8/><U2/><E67/><V78/><F41/><W123/><G123/><T106/><D53/><U37/><E37/><V77/><F103/><W66/><G29/><N who="0" m="19519" /><D21/><U1/><E50/><V17/><F78/><W118/><G118/><T126/><D126/><U34/><E34/><V63/><REACH who="2" step="1"/><F59/><REACH who="2" ten="213,87,375,315" step="2"/><W31/><G58/><T104/><D104/><U79/><REACH who="1" step="1"/><E91/><REACH who="1" ten="213,77,375,315" step="2"/><V132/><F132/><W128/><G109/><T113/><D113/><U60/><E60/><V129/><F129/><W96/><G128/><T90/><D90/><U48/><E48/><V20/><AGARI ba="0,2" hai="13,17,20,25,30,33,62,63,68,69,70,77,80,87" machi="20" ten="30,4000,0" yaku="1,1,0,1,52,1,53,0" doraHai="12" doraHaiUra="112" who="2" fromWho="2" sc="213,-20,77,-10,375,60,315,-10" /><INIT seed="5,0,0,1,0,120" ten="193,67,435,305" oya="1" hai0="68,99,4,91,94,135,26,114,27,75,16,77,53" hai1="32,132,70,73,12,17,58,74,96,121,66,83,67" hai2="14,105,8,107,134,82,22,1,30,118,115,31,122" hai3="59,128,64,98,62,84,65,90,33,93,50,119,51"/><U55/><E121/><V39/><F122/><W69/><G33/><T3/><D68/><U104/><E32/><V61/><F39/><W88/><G128/><T92/><D77/><U19/><E132/><V23/><F22/><W116/><G64/><T10/><D75/><U38/><E38/><V6/><F14/><W87/><G69/><T9/><D135/><U78/><E73/><V79/><F23/><W102/><G90/><T86/><D114/><U110/><E110/><V106/><F118/><N who="3" m="45099" /><G84/><T130/><D130/><U42/><E42/><V24/><F115/><W11/><G11/><T41/><D41/><U80/><E80/><AGARI ba="0,0" hai="50,51,59,62,65,80,87,88,93,98,102" m="45099" machi="80" ten="30,2000,0" yaku="12,1,54,1" doraHai="120" who="3" fromWho="1" sc="193,0,67,-20,435,0,305,20" /><INIT seed="6,0,0,2,3,31" ten="193,47,435,325" oya="2" hai0="22,82,78,1,100,4,37,77,75,7,108,2,128" hai1="86,68,106,43,113,131,12,64,34,35,73,61,72" hai2="21,91,110,30,9,23,129,53,105,6,5,36,13" hai3="11,117,70,33,127,44,60,48,95,55,51,135,54"/><V134/><F105/><W71/><G117/><T97/><D22/><U93/><E131/><V79/><F36/><W25/><G127/><T18/><D18/><U56/><E113/><V10/><F79/><W94/><G135/><T112/><D78/><U17/><E106/><V96/><F129/><W114/><G114/><T99/><D97/><U90/><E43/><V41/><F41/><W8/><G60/><T87/><D87/><U133/><E133/><V52/><F110/><W62/><G62/><T123/><D108/><U39/><E39/><V14/><F134/><W40/><G40/><T67/><D67/><U27/><E27/><V69/><F69/><W26/><REACH who="3" step="1"/><G44/><REACH who="3" ten="193,47,435,315" step="2"/><T120/><D112/><U102/><E68/><V126/><F126/><W20/><G20/><T118/><D128/><U101/><E72/><V84/><F23/><W122/><G122/><T85/><D118/><U124/><E73/><V28/><F21/><W103/><G103/><T24/><D75/><U47/><E47/><V125/><F125/><W111/><G111/><T80/><D120/><U65/><E124/><V29/><REACH who="2" step="1"/><F96/><REACH who="2" ten="193,47,425,315" step="2"/><W83/><G83/><AGARI ba="0,2" hai="5,6,9,10,13,14,28,29,30,52,53,83,84,91" machi="83" ten="40,12000,1" yaku="1,1,2,1,9,1,8,1,54,1,53,0" doraHai="31" doraHaiUra="59" who="2" fromWho="3" sc="193,0,47,0,425,140,315,-120" /><INIT seed="6,1,0,1,2,63" ten="193,47,565,195" oya="2" hai0="105,14,38,9,25,65,131,96,36,113,134,0,124" hai1="130,12,129,28,97,26,123,133,50,53,102,73,93" hai2="55,61,30,114,34,90,125,78,122,71,98,77,44" hai3="107,68,108,15,116,75,120,101,69,49,42,19,119"/><V80/><F122/><W87/><G120/><T82/><D0/><U86/><E123/><V70/><F114/><W62/><G75/><T10/><D113/><U106/><E133/><V88/><F125/><W111/><G107/><T16/><D134/><U20/><E73/><V99/><F30/><W47/><G101/><T94/><D105/><U74/><E74/><V110/><F34/><W24/><G24/><T8/><D131/><U21/><E129/><V127/><F127/><W39/><G87/><T56/><D25/><U117/><E130/><V43/><F110/><W64/><G19/><T83/><D124/><U89/><E117/><N who="3" m="45130" /><G15/><T51/><D38/><U104/><E104/><V5/><F5/><W2/><G2/><T33/><D36/><U46/><REACH who="1" step="1"/><E12/><REACH who="1" ten="193,37,565,195" step="2"/><V128/><F128/><W29/><G111/><T22/><D33/><AGARI ba="1,1" hai="20,21,26,28,33,46,50,53,86,89,93,97,102,106" machi="33" ten="30,7700,0" yaku="1,1,2,1,7,1,53,1" doraHai="63" doraHaiUra="100" who="1" fromWho="0" sc="193,-80,37,90,565,0,195,0" /><INIT seed="7,0,0,1,1,20" ten="113,127,565,195" oya="3" hai0="65,19,112,0,17,26,85,62,105,122,81,104,134" hai1="64,92,74,131,60,83,66,71,109,53,12,103,33" hai2="82,40,120,10,125,38,48,123,116,37,93,63,119" hai3="94,49,6,73,114,27,76,118,14,57,51,100,124"/><W108/><G114/><T72/><D72/><U79/><E33/><V67/><F82/><W88/><G100/><T77/><D0/><U39/><E109/><V18/><F93/><W58/><G76/><T68/><D122/><N who="2" m="46634" /><F125/><W45/><G73/><T86/><D134/><U11/><E64/><V1/><F18/><W13/><G6/><T102/><D112/><U34/><E39/><N who="2" m="14859" /><F10/><W129/><G45/><T84/><D102/><U47/><E47/><N who="2" m="25703" /><F1/><W130/><G94/><T28/><D28/><U35/><E92/><V133/><F133/><W107/><G107/><T91/><D17/><U95/><E95/><V75/><F75/><W44/><G44/><T29/><D19/><U25/><E83/><V36/><N who="2" m="14867" /><V9/><DORA hai="23" /><F9/><W21/><G124/><T113/><D113/><U110/><E11/><V111/><F111/><W78/><G108/><T15/><D15/><U42/><E12/><V127/><F127/><W59/><G13/><T87/><REACH who="0" step="1"/><D77/><REACH who="0" ten="103,127,565,195" step="2"/><U56/><E79/><V96/><F96/><W22/><G14/><T24/><D24/><U97/><E25/><V43/><F43/><W55/><G27/><T70/><D70/><AGARI ba="0,1" hai="63,67,70,116,119" m="25703,14867,46634" machi="70" ten="40,5200,0" yaku="13,1,34,2" doraHai="20,23" who="2" fromWho="0" sc="103,-52,127,0,565,62,195,0" owari="51,-45.0,127,-27.0,627,72.0,195,0.0" /></mjloggm>