<mjloggm ver="2.3"><GO type="169" lobby="0"/><UN n0="%E3%82%A2%E3%82%A4%E3%82%A8%E3%83%83%EF%BC%81%EF%BC%9F" n1="%E3%81%8B%E3%82%81%E3%81%98%E3%82%8D%E3%81%86" n2="%6B%69%79%6F%6E%61%72%69" n3="%E3%80%90%E7%BD%AA%E6%AD%8C%E3%80%91" dan="16,17,16,18" rate="2040.51,2136.71,2082.93,2229.25" sx="M,M,M,F"/><TAIKYOKU oya="0"/><INIT seed="0,0,0,2,0,18" ten="250,250,250,250" oya="0" hai0="126,120,46,115,93,49,58,48,79,15,1,2,105" hai1="26,41,102,107,9,130,20,82,99,73,87,70,4" hai2="12,98,113,66,43,64,80,8,52,121,36,5,123" hai3="97,133,96,103,45,38,44,114,11,110,17,135,134"/><T132/><D115/><U39/><E70/><V6/><F113/><W13/><G114/><T19/><D120/><U10/><E130/><V57/><F6/><W7/><G110/><T32/><D105/><U63/><E73/><V117/><F117/><W78/><G78/><T14/><D32/><U71/><E41/><V128/><F128/><W35/><G35/><T3/><D126/><U129/><E39/><V122/><F80/><W89/><G38/><T21/><D132/><U124/><E129/><V88/><F43/><W34/><G34/><T47/><D79/><U68/><E124/><V90/><F36/><W127/><G127/><T119/><D58/><U22/><E10/><V95/><REACH who="2" step="1"/><F90/><REACH who="2" ten="250,250,240,250" step="2"/><W59/><G89/><T55/><D119/><U33/><E4/><V65/><F65/><W28/><G7/><T0/><N who="0" m="0" /><DORA hai="67" /><T94/><REACH who="0" step="1"/><D14/><REACH who="0" ten="240,250,240,250" step="2"/><U125/><E125/><V42/><F42/><AGARI ba="0,2" hai="15,19,21,42,46,47,48,49,55,93,94" m="0" machi="42" ten="70,12000,1" yaku="1,1,2,1,52,1,53,2" doraHai="18,67" doraHaiUra="83,40" who="0" fromWho="2" sc="240,140,250,0,240,-120,250,0" /><INIT seed="0,1,0,0,0,1" ten="380,250,120,250" oya="0" hai0="23,39,51,8,116,126,54,99,32,84,47,34,38" hai1="97,63,20,0,91,80,119,61,11,78,70,2,87" hai2="36,121,64,114,82,85,49,76,124,131,3,46,128" hai3="30,7,106,5,48,41,28,43,56,98,129,127,123"/><T72/><D116/><U9/><E119/><V88/><F36/><W75/><G75/><T122/><D122/><U120/><E120/><V89/><F121/><W10/><G123/><T86/><D72/><U26/><E0/><V17/><F114/><W130/><G127/><T44/><D126/><U93/><E70/><V96/><F124/><W53/><G106/><T95/><D23/><U6/><REACH who="1" step="1"/><E11/><REACH who="1" ten="380,240,120,250" step="2"/><V102/><F3/><W104/><G10/><T94/><D8/><U107/><E107/><V117/><F117/><W52/><G104/><T118/><D118/><U27/><E27/><V105/><F105/><W67/><G67/><T29/><D29/><AGARI ba="1,1" hai="2,6,9,20,26,29,61,63,78,80,87,91,93,97" machi="29" ten="30,3900,0" yaku="1,1,7,1,52,1,53,0" doraHai="1" doraHaiUra="60" who="1" fromWho="0" sc="380,-42,240,52,120,0,250,0" /><INIT seed="1,0,0,3,4,1" ten="338,292,120,250" oya="1" hai0="129,66,12,122,116,2,55,17,76,22,13,100,47" hai1="92,42,75,37,70,36,119,112,65,15,19,107,41" hai2="71,120,113,72,21,60,87,99,96,4,16,64,114" hai3="52,59,27,69,134,126,108,90,48,94,77,46,74"/><U7/><E107/><V125/><F72/><W68/><G74/><T103/><D116/><U93/><E75/><V115/><F120/><W5/><G108/><T117/><D2/><U109/><E119/><V33/><F33/><W57/><G77/><T20/><D66/><U132/><E112/><V28/><F28/><W24/><G134/><T106/><D129/><U10/><E132/><V101/><F125/><W40/><G126/><T86/><D106/><U98/><E109/><V78/><F4/><W135/><G135/><T58/><D47/><U3/><E37/><V133/><F133/><W18/><G59/><T91/><D76/><U124/><E124/><V104/><F99/><W30/><G18/><N who="0" m="10311" /><D122/><U51/><E36/><V50/><F50/><W34/><G27/><T43/><D43/><U73/><E73/><V131/><F131/><W14/><G14/><T6/><D6/><U38/><E38/><V35/><F35/><W79/><G79/><T89/><D89/><U0/><E0/><V105/><F105/><W29/><G29/><T45/><D45/><N who="1" m="26031" /><E42/><V127/><F127/><W102/><G102/><T81/><D117/><U32/><E32/><V54/><F54/><W80/><G80/><T128/><D128/><U110/><E110/><V121/><F121/><W11/><G11/><T97/><D97/><U83/><E83/><N who="2" m="47607" /><F115/><W118/><G5/><T82/><D81/><U84/><E98/><V23/><F23/><W62/><REACH who="3" step="1"/><G118/><REACH who="3" ten="338,292,120,240" step="2"/><T8/><D8/><U44/><E10/><V67/><F67/><W53/><G53/><T111/><D111/><U56/><E65/><RYUUKYOKU ba="0,1" sc="338,10,292,-30,120,10,240,10" hai0="13,17,22,55,58,82,86,91,100,103" hai2="16,21,60,64,71,96,101,104,113,114" hai3="24,30,34,40,46,48,52,57,62,68,69,90,94" /><INIT seed="2,1,1,2,1,87" ten="348,262,130,250" oya="2" hai0="78,106,120,127,128,129,26,132,83,8,123,19,77" hai1="82,61,64,1,50,126,119,34,90,42,73,47,11" hai2="39,14,51,48,45,100,133,36,122,16,15,75,135" hai3="109,33,49,63,27,22,115,101,118,29,46,86,98"/><V110/><F122/><W92/><G109/><T28/><D106/><U95/><E119/><V3/><F3/><W43/><G115/><T70/><D70/><U37/><E34/><V112/><F112/><W12/><G118/><T58/><D127/><U124/><E50/><V60/><F110/><W97/><G33/><T52/><D132/><N who="2" m="50762" /><F75/><W59/><G12/><N who="0" m="7559" /><D120/><U9/><E82/><V38/><F100/><W85/><REACH who="3" step="1"/><G98/><REACH who="3" ten="348,262,130,240" step="2"/><T24/><D123/><U76/><E1/><V21/><F15/><W10/><G10/><T125/><D125/><U80/><E124/><V20/><F20/><W32/><G32/><T6/><D24/><U23/><E23/><V74/><F74/><W69/><G69/><T81/><D26/><U105/><E126/><V5/><F5/><W99/><G99/><T107/><D6/><U102/><E9/><V89/><F21/><W94/><G94/><T41/><D129/><U25/><E25/><V0/><F0/><W40/><G40/><T31/><D41/><U56/><E11/><V55/><F14/><W65/><AGARI ba="1,2" hai="22,27,29,43,46,49,59,63,65,85,86,92,97,101" machi="65" ten="20,12000,2" yaku="1,1,0,1,7,1,25,2,8,1,53,0" doraHai="87" doraHaiUra="111" who="3" fromWho="3" sc="348,-31,262,-31,130,-61,240,143" /><INIT seed="3,0,0,5,0,50" ten="317,231,69,383" oya="3" hai0="57,11,72,128,28,115,2,5,117,114,118,113,93" hai1="88,104,83,127,111,26,10,84,29,129,7,97,37" hai2="91,135,39,61,8,107,101,38,25,75,44,110,60" hai3="105,64,80,30,55,109,45,65,58,31,56,122,36"/><W69/><G105/><T6/><D72/><U9/><E111/><V78/><F110/><W95/><G122/><T1/><D128/><U76/><E127/><V132/><F75/><W89/><G109/><T46/><D46/><U99/><E129/><V131/><F131/><W0/><G0/><T35/><D93/><U16/><E37/><V74/><F74/><W124/><G124/><T68/><D68/><U51/><E104/><V12/><F78/><W81/><G58/><T123/><D57/><U87/><E51/><V32/><F39/><W79/><G69/><T120/><D28/><N who="3" m="10793" /><G45/><T33/><D113/><U77/><E77/><V121/><F25/><W41/><G41/><T92/><D92/><N who="1" m="54303" /><E29/><V71/><F32/><W133/><G133/><T21/><D21/><N who="1" m="13607" /><E7/><V67/><F121/><W54/><G79/><T13/><D13/><U18/><E10/><AGARI ba="0,0" hai="1,2,5,6,10,11,33,35,114,115,117,118,120,123" machi="10" ten="25,8000,1" yaku="22,2,34,3" doraHai="50" who="0" fromWho="1" sc="317,80,231,-80,69,0,383,0" /><INIT seed="4,0,0,4,5,90" ten="397,151,69,383" oya="0" hai0="46,35,28,21,20,73,22,74,7,17,105,23,117" hai1="0,126,65,45,62,84,89,93,111,24,67,16,106" hai2="86,132,31,71,104,15,64,11,83,66,99,33,52" hai3="87,129,5,42,63,80,2,94,102,70,116,48,91"/><T32/><D105/><U133/><E111/><V103/><F132/><W125/><G116/><T108/><D117/><U47/><E133/><V122/><F122/><W59/><G70/><T1/><D46/><U54/><E106/><V57/><F71/><W12/><G2/><T39/><D39/><U130/><E0/><V95/><F104/><W6/><G129/><T120/><D73/><U96/><E130/><V34/><F34/><N who="0" m="12842" /><D74/><U50/><E126/><V134/><F134/><W115/><G125/><T27/><D120/><U60/><E45/><V61/><F31/><W77/><G102/><T109/><D17/><U55/><E84/><V4/><REACH who="2" step="1"/><F33/><REACH who="2" ten="397,151,59,383" step="2"/><W98/><G115/><T3/><D7/><U79/><E79/><AGARI ba="0,1" hai="4,11,15,52,57,61,64,66,79,83,86,95,99,103" machi="79" ten="30,12000,2" yaku="1,1,2,1,7,1,8,1,52,1,54,1,53,1" doraHai="90" doraHaiUra="82" who="2" fromWho="1" sc="397,0,151,-120,59,130,383,0" /><INIT seed="5,0,0,3,5,81" ten="397,31,189,383" oya="1" hai0="43,52,12,32,67,14,92,61,3,58,65,88,105" hai1="129,40,21,23,124,26,33,117,96,83,55,17,121" hai2="4,37,62,104,87,103,64,35,57,27,46,28,80" hai3="38,36,86,99,24,130,50,66,112,74,102,107,44"/><U45/><E121/><V34/><F4/><W25/><G74/><T18/><D3/><U0/><E117/><V31/><F37/><W19/><G66/><T2/><D2/><U76/><E124/><V106/><F46/><W98/><G112/><T118/><D118/><U120/><E120/><V84/><F103/><W68/><G68/><T77/><D32/><U73/><E129/><V59/><F59/><W123/><G123/><T114/><D77/><U93/><E0/><V63/><F63/><W15/><G130/><T48/><D105/><U5/><E5/><V128/><F128/><W49/><G49/><T22/><D114/><U56/><E33/><V91/><F84/><W126/><G126/><T111/><D12/><U94/><E23/><V134/><F134/><W70/><G70/><T39/><D39/><U8/><E8/><V131/><F131/><W47/><G99/><N who="0" m="57735" /><D111/><U100/><E93/><V10/><F10/><W7/><G7/><T133/><D133/><U127/><E127/><V90/><F90/><W16/><G38/><T11/><D11/><U95/><E100/><V119/><F119/><W109/><G109/><T122/><D122/><U132/><E132/><V101/><F101/><W135/><G36/><T51/><D51/><N who="1" m="27047" /><E96/><V20/><F20/><W79/><G135/><T1/><D1/><U113/><E113/><V78/><F78/><W82/><G50/><T115/><D115/><U85/><E73/><V41/><F41/><W54/><G107/><T9/><D9/><U110/><E110/><V42/><F42/><W89/><G79/><T60/><D43/><RYUUKYOKU ba="0,0" sc="397,10,31,10,189,10,383,-30" hai0="14,18,22,48,52,58,60,61,65,67" hai1="17,21,26,55,56,76,83,85,94,95" hai2="27,28,31,34,35,57,62,64,80,87,91,104,106" /><INIT seed="5,1,0,5,4,23" ten="407,41,199,353" oya="1" hai0="62,74,116,66,118,9,34,117,127,58,103,64,54" hai1="132,4,35,47,98,75,102,19,3,31,17,15,18" hai2="12,38,111,115,106,119,108,121,13,56,112,89,32" hai3="135,92,128,51,1,120,16,122,61,80,130,24,82"/><U68/><E75/><V20/><F32/><W133/><G1/><T52/><D74/><U29/><E68/><V79/><F106/><W84/><G51/><T77/><D77/><U78/><E78/><V87/><F38/><W86/><G61/><N who="0" m="37943" /><D34/><U10/><E132/><N who="3" m="50762" /><G92/><T124/><D9/><U46/><E3/><V11/><F119/><W93/><G93/><T129/><D103/><U81/><E81/><N who="3" m="31338" /><G16/><T48/><D129/><N who="3" m="49769" /><G24/><T0/><D0/><U70/><E70/><V99/><F79/><W113/><G113/><T101/><D101/><U42/><E42/><V107/><F112/><W44/><G44/><N who="1" m="16938" /><E35/><V109/><F115/><W91/><G91/><T49/><D49/><U72/><E72/><V2/><F89/><W97/><G97/><T7/><D7/><U76/><E76/><V37/><F99/><W114/><G114/><T95/><D95/><AGARI ba="1,0" hai="4,10,15,17,18,19,29,31,95,98,102" m="16938" machi="95" ten="30,1500,0" yaku="8,1" doraHai="23" who="1" fromWho="0" sc="407,-18,41,18,199,0,353,0" /><INIT seed="5,2,0,0,2,52" ten="389,59,199,353" oya="1" hai0="48,133,42,112,40,115,126,27,3,60,114,129,0" hai1="68,74,54,46,131,83,84,20,79,67,118,80,125" hai2="104,100,32,113,7,63,128,18,30,50,85,47,19" hai3="49,130,9,64,4,99,123,72,122,101,117,66,61"/><U5/><E118/><V102/><F7/><W97/><G72/><T127/><D129/><U17/><E131/><V121/><F128/><W77/><G130/><T53/><D133/><U59/><E5/><V76/><F32/><W132/><G132/><T11/><D60/><U14/><E125/><N who="0" m="47625" /><D27/><U87/><E46/><V55/><F30/><W33/><G33/><T57/><D11/><U44/><E44/><V15/><F104/><W34/><G34/><T96/><D96/><U71/><E67/><V75/><F75/><W36/><G36/><T6/><D6/><U21/><E20/><V69/><F121/><W92/><G117/><T16/><D16/><U103/><E103/><V37/><F37/><W41/><G99/><T89/><D89/><U95/><E74/><V88/><F76/><W1/><G66/><T73/><D73/><U135/><E135/><V22/><F113/><W107/><G77/><T119/><D119/><U25/><E25/><N who="2" m="14551" /><F63/><W56/><G123/><T29/><D29/><U91/><REACH who="1" step="1"/><E83/><REACH who="1" ten="389,49,199,353" step="2"/><N who="2" m="49215" /><F69/><W124/><G124/><T2/><AGARI ba="2,1" hai="0,2,3,40,42,48,53,57,112,114,115" m="47625" machi="2" ten="50,6400,0" yaku="15,1,18,1,52,1" doraHai="52" who="0" fromWho="0" sc="389,80,49,-34,199,-18,353,-18" /><INIT seed="6,0,0,0,3,27" ten="469,15,181,335" oya="2" hai0="42,108,48,14,131,106,122,53,21,35,47,132,77" hai1="92,32,118,109,126,61,102,99,29,11,74,82,8" hai2="70,112,90,121,60,1,129,39,2,107,100,73,46" hai3="51,16,95,7,81,79,33,134,56,5,66,37,64"/><V103/><F73/><W65/><G37/><T17/><D108/><U49/><E109/><V133/><F121/><W54/><G134/><T38/><D106/><U50/><E118/><V130/><F133/><W110/><G110/><T55/><D131/><U101/><E126/><V22/><F112/><W52/><G33/><T75/><D35/><U105/><E102/><V59/><F70/><W89/><G54/><T69/><D122/><U76/><E49/><V12/><F90/><W31/><G31/><T96/><D69/><U135/><E135/><V41/><F2/><W67/><N who="3" m="16384" /><DORA hai="80" /><W78/><G78/><T72/><D96/><U84/><E61/><V43/><F1/><W15/><G81/><T87/><D38/><U88/><E50/><V123/><F43/><W3/><G79/><T13/><D55/><U68/><REACH who="1" step="1"/><E68/><REACH who="1" ten="469,5,181,335" step="2"/><V127/><F127/><W124/><G124/><T115/><D132/><U111/><E111/><V9/><F103/><W24/><G3/><T6/><D42/><U71/><E71/><V57/><F100/><W58/><G58/><T114/><D114/><U119/><E119/><V25/><F60/><W104/><G104/><T120/><D115/><U98/><E98/><V116/><F107/><W113/><G113/><T44/><D120/><U97/><E97/><V23/><F123/><W128/><G56/><T28/><D47/><U45/><E45/><V125/><F116/><W40/><G51/><T83/><D48/><U36/><E36/><V93/><F125/><W20/><G40/><T19/><D44/><U18/><E18/><V4/><F39/><RYUUKYOKU ba="0,1" sc="469,-10,5,30,181,-10,335,-10" hai1="8,11,29,32,74,76,82,84,88,92,99,101,105" /><INIT seed="7,1,1,1,5,39" ten="459,35,171,325" oya="3" hai0="40,133,58,60,64,116,10,25,73,70,56,81,8" hai1="122,42,13,31,33,49,74,59,110,86,121,68,69" hai2="29,11,46,100,108,96,92,12,134,107,78,128,19" hai3="94,72,32,76,80,23,135,41,15,0,18,88,130"/><W3/><G32/><T66/><D116/><U83/><E110/><V6/><F29/><W123/><G123/><T95/><D133/><U77/><E121/><V84/><F78/><W7/><G135/><T79/><D40/><U9/><E122/><V17/><F84/><W126/><G126/><T125/><D125/><U101/><E74/><V112/><F92/><W105/><G130/><T44/><D44/><U99/><E33/><V89/><F89/><W75/><G75/><T109/><D109/><U113/><E31/><V118/><F46/><W50/><G105/><T117/><D117/><U52/><E113/><V97/><F97/><W82/><G82/><T63/><D70/><U103/><E68/><V124/><F108/><W104/><G104/><T30/><D95/><U34/><E69/><V129/><F118/><W120/><G120/><T111/><D111/><U102/><E34/><AGARI ba="1,1" hai="8,10,25,30,34,56,58,60,63,64,66,73,79,81" machi="34" ten="30,2000,0" yaku="7,1,9,1" doraHai="39" who="0" fromWho="1" sc="459,33,35,-23,171,0,325,0" owari="492,59.0,12,-49.0,171,-23.0,325,13.0" /></mjloggm>