<mjloggm ver="2.3"><GO type="1" lobby="0"/><UN n0="%4E%6F%4E%61%6D%65" n1="%73%61%6B%75%72%75%61" n2="%48%67%6D%65%68" n3="%6D%61%72%66%69%65" dan="0,9,7,5" rate="1500.00,1434.85,1574.24,1669.67" sx="M,M,M,M"/><TAIKYOKU oya="0"/><INIT seed="0,0,0,2,5,110" ten="250,250,250,250" oya="0" hai0="61,60,86,54,79,105,71,91,10,77,87,122,83" hai1="111,30,1,81,112,109,88,48,5,121,45,21,129" hai2="126,4,49,123,76,8,117,82,134,89,80,68,103" hai3="24,116,65,96,78,97,14,26,33,84,3,72,17"/><T70/><D122/><U55/><E121/><V41/><F68/><W95/><G3/><T74/><D105/><U19/><E30/><V13/><F123/><W101/><G116/><T39/><D39/><U73/><E129/><V56/><F117/><W64/><G72/><T42/><D42/><U115/><E73/><V62/><F134/><W32/><G96/><T108/><D108/><N who="1" m="41547" /><E1/><V15/><F126/><W7/><G7/><T2/><D74/><U107/><E5/><V40/><F103/><W35/><G78/><T114/><D114/><N who="1" m="43563" /><E107/><V20/><F49/><W120/><G120/><T11/><D91/><U124/><E124/><V27/><F15/><W59/><G65/><T127/><D127/><U36/><E36/><V29/><F80/><W31/><G84/><T22/><D83/><U135/><E135/><V69/><F69/><W34/><N who="3" m="8704" /><DORA hai="44" /><W98/><G98/><T9/><D9/><U0/><E0/><V90/><F82/><W38/><G38/><T57/><D57/><U118/><E118/><V50/><F76/><W130/><G130/><T92/><D92/><U43/><E81/><V119/><F40/><W51/><G31/><T132/><D132/><U75/><E75/><V46/><REACH who="2" step="1"/><F119/><REACH who="2" ten="250,250,240,250" step="2"/><W125/><G125/><T106/><D106/><U16/><E43/><V12/><F12/><W85/><G85/><T67/><D67/><AGARI ba="0,1" hai="4,8,13,20,27,29,41,46,50,56,62,67,89,90" machi="67" ten="30,12000,2" yaku="1,1,7,1,8,1,52,1,53,2" doraHai="110,44" doraHaiUra="52,6" who="2" fromWho="0" sc="250,-120,250,0,240,130,250,0" /><INIT seed="1,0,0,3,0,84" ten="130,250,370,250" oya="1" hai0="12,23,37,28,30,64,111,109,125,133,70,120,131" hai1="97,62,21,130,31,104,47,100,72,56,44,88,105" hai2="93,126,22,3,46,0,40,25,45,124,18,114,106" hai3="29,33,63,27,9,69,95,43,77,65,5,66,51"/><U87/><E72/><V67/><F106/><W1/><G65/><T86/><D133/><U41/><E105/><V8/><F93/><W55/><G43/><T119/><D131/><U101/><E130/><V132/><F132/><W6/><G6/><T54/><D125/><N who="2" m="48234" /><F67/><W34/><G77/><T122/><D119/><U26/><E100/><V48/><F114/><W117/><G117/><T78/><D54/><U110/><E110/><V123/><F123/><W20/><REACH who="3" step="1"/><G95/><REACH who="3" ten="130,250,370,240" step="2"/><T39/><D86/><U42/><E41/><N who="2" m="24623" /><F8/><W53/><G53/><T7/><D78/><U75/><E42/><V107/><F107/><W113/><G113/><T112/><D112/><U103/><E75/><V127/><F127/><W35/><G35/><T89/><D89/><U4/><E4/><V52/><F52/><W24/><G24/><T90/><D90/><U60/><E103/><V11/><F11/><W14/><G14/><T32/><D70/><U91/><E60/><V58/><F58/><AGARI ba="0,1" hai="1,5,9,20,27,29,33,34,51,55,58,63,66,69" machi="58" ten="30,3900,0" yaku="1,1,7,1,53,1" doraHai="84" doraHaiUra="49" who="3" fromWho="2" sc="130,0,250,0,370,-39,240,49" /><INIT seed="2,0,0,2,4,114" ten="130,250,331,289" oya="2" hai0="15,1,135,106,112,31,99,68,121,3,34,67,46" hai1="58,130,101,29,127,84,123,117,5,95,102,107,113" hai2="126,104,14,62,13,37,55,57,90,30,77,2,10" hai3="28,119,22,85,132,12,4,71,111,52,53,64,36"/><V103/><F37/><W100/><G36/><T40/><D135/><U21/><E5/><V65/><F90/><W44/><G119/><T63/><D121/><U96/><E123/><V78/><F30/><W20/><G132/><T69/><D112/><U26/><E130/><V120/><F120/><W51/><G53/><T94/><D106/><U108/><E127/><V93/><F104/><W109/><G28/><T134/><D134/><U72/><E108/><V98/><F126/><W82/><G100/><T9/><D68/><U38/><E117/><V18/><F2/><W73/><G73/><T128/><D128/><U79/><E113/><V129/><F129/><W105/><G105/><T92/><D92/><U60/><E38/><V61/><REACH who="2" step="1"/><F13/><REACH who="2" ten="130,250,321,289" step="2"/><W19/><G4/><T24/><D99/><U32/><E102/><V16/><F16/><W49/><G49/><T91/><D94/><U66/><E32/><V83/><F83/><W70/><G70/><AGARI ba="0,1" hai="10,14,18,55,57,61,62,65,70,77,78,93,98,103" machi="70" ten="30,5800,0" yaku="1,1,7,1,53,1" doraHai="114" doraHaiUra="89" who="2" fromWho="3" sc="130,0,250,0,321,68,289,-58" /><INIT seed="2,1,0,0,5,79" ten="130,250,389,231" oya="2" hai0="118,51,77,112,88,27,123,64,31,80,24,104,42" hai1="1,43,95,2,25,4,0,92,106,44,13,93,60" hai2="83,45,52,130,58,128,85,67,17,132,62,90,61" hai3="74,81,18,29,65,87,59,54,82,97,23,30,89"/><V117/><F17/><W71/><G74/><T121/><D118/><U55/><E106/><V34/><F34/><W103/><G81/><T47/><D112/><U10/><E25/><V78/><F117/><W37/><G37/><T122/><D104/><U110/><E110/><V7/><F7/><W40/><G40/><T120/><D120/><U102/><E102/><V86/><F132/><W3/><G3/><T66/><D88/><U109/><E109/><V72/><F45/><W56/><G71/><T8/><D8/><U49/><E60/><V127/><F127/><W36/><G36/><T125/><D125/><U63/><E63/><V68/><REACH who="2" step="1"/><F86/><REACH who="2" ten="130,250,379,231" step="2"/><W41/><G59/><T73/><REACH who="0" step="1"/><D24/><REACH who="0" ten="120,250,379,231" step="2"/><U94/><N who="1" m="24064" /><DORA hai="50" /><U38/><REACH who="1" step="1"/><E38/><REACH who="1" ten="120,240,379,231" step="2"/><V107/><F107/><W133/><G133/><T70/><D70/><U131/><E131/><V76/><F76/><W14/><G56/><T105/><D105/><U5/><E5/><V46/><F46/><W114/><G114/><T96/><D96/><U108/><E108/><V35/><F35/><AGARI ba="1,3" hai="27,31,35,42,47,51,64,66,73,77,80,121,122,123" machi="35" ten="40,2600,0" yaku="1,1,52,1,53,0" doraHai="79,50" doraHaiUra="12,135" who="0" fromWho="2" sc="120,59,240,0,379,-29,231,0" /><INIT seed="3,0,0,4,2,31" ten="179,240,350,231" oya="3" hai0="73,67,36,34,129,116,110,46,12,125,135,109,112" hai1="103,60,6,32,114,90,102,62,128,69,10,72,56" hai2="45,40,8,99,41,7,51,23,81,94,19,124,87" hai3="3,107,49,119,105,115,33,27,24,42,85,59,37"/><W89/><G3/><T70/><D67/><U93/><E32/><V101/><F40/><W96/><G115/><T55/><D55/><U25/><E72/><V11/><F124/><W13/><G119/><T48/><D48/><U111/><E128/><V17/><F23/><W57/><G96/><T91/><D91/><U1/><E114/><V30/><F30/><W113/><G113/><T15/><D46/><U104/><E111/><V9/><F7/><W20/><G37/><T78/><D78/><AGARI ba="0,0" hai="8,9,11,17,19,41,45,51,78,81,87,94,99,101" machi="78" ten="40,1300,0" yaku="8,1" doraHai="31" who="2" fromWho="0" sc="179,-13,240,0,350,13,231,0" owari="166,-33.0,240,4.0,363,46.0,231,-17.0" /></mjloggm>