<mjloggm ver="2.3">

<GO type="137" lobby="0"/>
<UN n0="%E9%BE%8D%E4%B9%8B%E4%BB%8B%E4%BA%8C%E4%B8%96" n1="%E3%82%AF%E3%83%83%E3%82%AD%E3%83%B3%E3%82%B0%E3%83%80%E3%83%B3%E3%83%8A" n2="%E4%B8%96%E8%87%AA%E5%9C%A8%E7%8E%8B" n3="%6B%69%6D%69%79%75%79%75" dan="13,13,12,11" rate="1762.52,1776.43,1851.80,1501.86" sx="M,M,M,F"/>
<TAIKYOKU oya="0"/>
<INIT seed="0,0,0,1,4,97" ten="250,250,250,250" oya="0" hai0="135,14,78,107,82,109,102,11,69,72,84,101,85" hai1="24,110,45,43,99,80,106,124,1,53,60,64,9" hai2="73,6,32,71,113,55,117,79,134,111,18,34,96" hai3="75,127,50,120,104,129,108,29,68,15,2,119,37"/>
<T7/>
<D69/>
<U103/>
<E110/>
<V56/>
<F113/>
<W38/>
<RYUUKYOKU type="yao9" ba="0,0" sc="250,0,250,0,250,0,250,0" hai3="2,15,29,37,38,50,68,75,104,108,119,120,127,129" />
<INIT seed="0,1,0,0,3,9" ten="250,250,250,250" oya="0" hai0="134,39,6,90,130,111,92,58,116,133,57,36,131" hai1="45,81,66,49,7,135,69,41,115,0,113,110,94" hai2="95,47,4,11,72,56,10,52,48,87,53,86,70" hai3="121,105,120,12,132,101,75,64,5,80,104,30,119"/>
<T126/>
<D90/>
<U54/>
<E0/>
<V129/>
<F70/>
<W27/>
<G119/>
<T125/>
<D92/>
<U118/>
<E7/>
<V99/>
<F72/>
<W106/>
<G64/>
<T15/>
<D116/>
<U31/>
<E31/>
<V16/>
<F10/>
<W34/>
<G132/>
<N who="0" m="50795" />
<D15/>
<U25/>
<E25/>
<V83/>
<F83/>
<W88/>
<G75/>
<T55/>
<D6/>
<U97/>
<E135/>
<V100/>
<F129/>
<N who="0" m="49162" />
<D111/>
<U50/>
<E110/>
<V79/>
<F79/>
<W117/>
<G117/>
<T65/>
<D65/>
<U68/>
<E81/>
<V1/>
<REACH who="2" step="1"/>
<F16/>
<REACH who="2" ten="250,250,240,250" step="2"/>
<W28/>
<G28/>
<T73/>
<D73/>
<U82/>
<E82/>
<V3/>
<F3/>
<W107/>
<G101/>
<T42/>
<D42/>
<U8/>
<E118/>
<V76/>
<F76/>
<W85/>
<REACH who="3" step="1"/>
<G107/>
<REACH who="3" ten="250,250,240,240" step="2"/>
<T98/>
<D98/>
<U23/>
<E97/>
<V91/>
<F91/>
<W26/>
<G26/>
<T43/>
<D43/>
<U77/>
<E41/>
<V2/>
<F2/>
<W33/>
<G33/>
<T40/>
<D40/>
<U51/>
<E77/>
<V124/>
<F124/>
<N who="0" m="47722" />
<D58/>
<U108/>
<E108/>
<V103/>
<F103/>
<W63/>
<G63/>
<AGARI ba="1,2" hai="36,39,55,57,63" m="47722,49162,50795" machi="63" ten="40,48000,5" yakuman="39" doraHai="9" who="0" fromWho="3" paoWho="2" sc="250,503,250,0,240,-243,240,-240" />
<AGARI ba="1,0" hai="1,4,11,47,48,52,53,56,63,86,87,95,99,100" machi="63" ten="30,3900,0" yaku="1,1,7,1,54,1,53,0" doraHai="9" doraHaiUra="61" who="2" fromWho="3" sc="753,0,250,0,-3,39,0,-39" owari="753,85.0,250,5.0,36,-36.0,-39,-54.0" />
</mjloggm>