<mjloggm ver="2.3"><GO type="169" lobby="0"/><UN n0="%E3%82%AB%E3%83%A9%E3%82%B9%E3%81%AE%E5%AD%90" n1="%E3%81%8B%E3%82%81%E3%81%98%E3%82%8D%E3%81%86" n2="%E5%A4%A9%E9%BC%93" n3="%E3%81%BD%E3%82%93%E5%A4%A7%E7%94%9F" dan="17,17,18,16" rate="2149.30,2125.68,2140.78,2092.27" sx="M,M,M,M"/><TAIKYOKU oya="0"/><INIT seed="0,0,0,2,2,122" ten="250,250,250,250" oya="0" hai0="1,35,45,36,88,127,63,119,10,105,57,92,87" hai1="80,77,68,79,50,104,41,65,7,58,60,84,44" hai2="112,62,111,98,106,25,24,109,33,43,76,134,93" hai3="31,123,130,81,114,89,129,82,86,8,128,49,46"/><T115/><D119/><U14/><E104/><V16/><F112/><W22/><G114/><T99/><D115/><U30/><E30/><V47/><F134/><W121/><G8/><T28/><D127/><U118/><E118/><V135/><F135/><W90/><G31/><T74/><D74/><U5/><E77/><V85/><F106/><W133/><G22/><T11/><D1/><U78/><E78/><V42/><F62/><W9/><G9/><T13/><D35/><U100/><E100/><V23/><F33/><W70/><G70/><T2/><D2/><U107/><E107/><V110/><F25/><W124/><G133/><T34/><D34/><U18/><E68/><V38/><F42/><W48/><G124/><T51/><D28/><U117/><E117/><V61/><F61/><W66/><G66/><N who="0" m="39279" /><D36/><U125/><REACH who="1" step="1"/><E125/><REACH who="1" ten="250,240,250,250" step="2"/><V102/><F76/><W95/><G123/><T75/><D105/><U32/><E32/><V0/><F0/><W17/><G121/><T97/><D75/><U103/><E103/><V55/><F85/><W64/><G128/><T20/><D20/><AGARI ba="0,1" hai="5,7,14,18,20,41,44,50,58,60,65,79,80,84" machi="20" ten="30,3900,0" yaku="1,1,7,1,8,1,53,0" doraHai="122" doraHaiUra="116" who="1" fromWho="0" sc="250,-39,240,49,250,0,250,0" /><INIT seed="1,0,0,4,1,107" ten="211,289,250,250" oya="1" hai0="15,21,134,12,67,119,11,49,97,99,6,112,78" hai1="5,77,60,132,29,127,82,75,38,3,114,36,42" hai2="58,10,128,92,0,26,17,102,129,57,7,135,98" hai3="33,43,45,124,28,125,1,55,79,16,115,13,34"/><U109/><E114/><V85/><F135/><W53/><G115/><T101/><D112/><U41/><E132/><V113/><F113/><W25/><G1/><T30/><D119/><U91/><E127/><N who="3" m="48714" /><G34/><T110/><D110/><U104/><E91/><V116/><F116/><W108/><G79/><T27/><D134/><U47/><E104/><V100/><F100/><W50/><G108/><T81/><D67/><U90/><E109/><V86/><F86/><W95/><G95/><T71/><D71/><U133/><E133/><V63/><F85/><W32/><G32/><T66/><D66/><U8/><E90/><V40/><F40/><W120/><G120/><T19/><D49/><U84/><E60/><V122/><F122/><W54/><G43/><T65/><D65/><U88/><E29/><V111/><F111/><W4/><G4/><T131/><D131/><N who="2" m="50250" /><F63/><W24/><G24/><T74/><REACH who="0" step="1"/><D101/><REACH who="0" ten="201,289,250,250" step="2"/><U23/><E23/><RYUUKYOKU type="ron3" ba="0,1" sc="201,0,289,0,250,0,250,0" hai0="6,11,12,15,19,21,27,30,74,78,81,97,99" hai2="0,7,10,17,26,57,58,92,98,102" hai3="13,16,25,28,33,45,50,53,54,55" /><INIT seed="1,1,1,5,0,93" ten="201,289,250,250" oya="1" hai0="47,74,105,62,12,25,122,14,0,69,78,84,124" hai1="18,132,128,37,39,110,77,59,5,121,11,31,82" hai2="97,114,28,99,6,27,87,135,41,20,49,4,34" hai3="119,2,24,104,36,55,71,70,29,46,32,17,16"/><U95/><E121/><V68/><F68/><W3/><G119/><T96/><D0/><U134/><E128/><V72/><F72/><W10/><G104/><T101/><D122/><U73/><E31/><V52/><F135/><N who="1" m="51753" /><E18/><V116/><F116/><W75/><G75/><T23/><D124/><U126/><E126/><V86/><F41/><W42/><G55/><T7/><D74/><U81/><E81/><V123/><F114/><W67/><G70/><T51/><D7/><N who="2" m="2602" /><F34/><W58/><G71/><T43/><D78/><U13/><E110/><V64/><F64/><W113/><G113/><T33/><D33/><U21/><E21/><V107/><F107/><W89/><G67/><T60/><D84/><N who="2" m="32298" /><F123/><W117/><G117/><T53/><D69/><U30/><E30/><V66/><F66/><W100/><G3/><T57/><REACH who="0" step="1"/><D62/><REACH who="0" ten="191,289,250,250" step="2"/><U65/><E95/><V106/><F106/><W85/><G2/><T61/><D61/><AGARI ba="1,2" hai="5,11,13,37,39,59,61,65,73,77,82" m="51753" machi="61" ten="30,1500,0" yaku="20,1" doraHai="93" who="1" fromWho="0" sc="191,-18,289,38,250,0,250,0" /><INIT seed="1,2,0,1,3,56" ten="173,327,250,250" oya="1" hai0="86,117,40,95,27,61,38,90,120,111,50,126,94" hai1="85,17,2,33,76,119,113,114,78,57,84,43,121" hai2="46,91,59,110,72,64,127,58,41,128,92,70,100" hai3="123,10,101,124,103,34,30,8,49,97,29,98,12"/><U102/><E119/><V55/><F72/><W68/><G123/><T24/><D117/><U71/><E71/><V36/><F100/><W16/><G68/><T105/><D120/><U37/><E121/><V122/><F122/><W130/><G130/><T82/><D111/><U104/><E33/><V44/><F92/><W51/><G34/><T73/><D105/><U74/><E17/><V7/><F91/><W88/><G124/><T109/><D109/><U99/><E2/><V48/><F7/><W14/><G88/><N who="0" m="51287" /><D38/><U5/><E5/><V42/><F110/><W11/><G10/><T13/><D73/><U80/><E57/><N who="2" m="21515" /><F128/><W35/><G35/><T47/><D126/><U0/><E0/><V107/><F107/><W18/><AGARI ba="2,0" hai="8,11,12,14,16,18,29,30,49,51,97,98,101,103" machi="18" ten="25,8000,1" yaku="0,1,22,2,8,1,54,1" doraHai="56" who="3" fromWho="3" sc="173,-22,327,-42,250,-22,250,86" /><INIT seed="2,0,0,0,5,7" ten="151,285,228,336" oya="2" hai0="86,40,70,20,13,124,51,1,2,45,95,106,14" hai1="12,53,114,132,117,80,19,98,47,125,77,108,83" hai2="129,22,84,126,128,81,39,37,120,31,29,131,113" hai3="60,18,101,5,130,69,8,33,91,56,94,49,25"/><V16/><F120/><W58/><G130/><T15/><D106/><U92/><E114/><V78/><F113/><W79/><G101/><T85/><D70/><U103/><E117/><V97/><F97/><W67/><G79/><T32/><D32/><U122/><E122/><V48/><F48/><W43/><G43/><T54/><D124/><U71/><E71/><V118/><F126/><W104/><G104/><T134/><D134/><U62/><E132/><V55/><F55/><W63/><G49/><T10/><D20/><U34/><E34/><V76/><F76/><W127/><G127/><T38/><D95/><U96/><E108/><V11/><F118/><W66/><G69/><T59/><REACH who="0" step="1"/><D1/><REACH who="0" ten="141,285,228,336" step="2"/><U26/><E125/><V116/><F116/><W28/><G33/><T65/><D65/><U46/><E26/><V123/><F123/><W89/><G94/><T93/><D93/><U23/><E96/><V110/><F110/><W3/><G25/><T105/><D105/><U72/><E80/><V75/><F22/><W36/><G67/><T64/><D64/><U100/><E100/><V44/><F131/><W133/><G66/><T115/><D115/><U35/><E35/><V73/><F129/><W82/><G133/><T61/><D61/><U112/><E112/><V6/><F128/><W102/><G60/><T74/><D74/><U135/><E135/><V27/><F73/><W30/><G63/><T9/><D9/><U4/><E62/><V52/><F75/><W107/><G107/><T119/><D119/><U121/><E72/><V88/><F27/><W41/><G3/><RYUUKYOKU ba="0,1" sc="141,30,285,-10,228,-10,336,-10" hai0="2,10,13,14,15,38,40,45,51,54,59,85,86" /><INIT seed="3,1,1,5,0,45" ten="171,275,218,326" oya="3" hai0="114,11,73,60,10,71,9,98,132,88,41,131,65" hai1="56,51,105,122,12,57,55,96,101,43,62,128,33" hai2="126,38,90,49,82,22,116,35,61,135,94,8,42" hai3="28,19,83,78,74,129,125,40,59,102,3,70,81"/><W53/><G70/><T115/><D73/><U108/><E108/><V46/><F35/><W34/><G125/><T15/><D132/><U6/><E128/><V54/><F116/><W17/><G129/><T80/><D131/><U93/><E122/><V7/><F126/><W20/><G3/><T79/><D41/><U31/><E33/><V121/><F135/><W85/><G40/><T120/><D120/><U130/><E130/><V39/><F82/><W107/><G34/><T117/><D117/><U48/><E31/><V58/><F22/><W97/><G28/><T44/><D44/><N who="1" m="26015" /><E105/><V76/><F76/><W27/><G19/><T2/><D2/><U87/><E87/><V36/><F121/><W30/><G30/><T13/><D79/><U72/><E72/><V37/><F37/><W113/><G113/><N who="0" m="43019" /><D80/><U67/><E12/><V118/><F118/><W89/><G53/><T133/><D133/><U134/><E134/><V119/><F119/><W0/><G0/><T25/><D25/><U106/><E106/><V1/><F36/><W69/><G69/><T103/><D103/><U92/><E92/><AGARI ba="1,1" hai="9,10,11,13,15,60,65,71,88,92,98" m="43019" machi="92" ten="30,2000,0" yaku="11,1,54,1" doraHai="45" who="0" fromWho="1" sc="171,33,275,-23,218,0,326,0" /><INIT seed="4,0,0,5,1,111" ten="204,252,218,326" oya="0" hai0="85,29,94,123,27,128,66,134,118,33,45,109,47" hai1="13,53,105,38,81,35,99,8,98,15,21,17,95" hai2="11,20,67,37,84,59,56,12,55,132,30,23,26" hai3="135,73,115,104,75,60,42,124,19,108,93,129,114"/><T71/><D123/><U72/><E35/><V43/><F132/><W70/><G104/><T6/><D118/><U28/><E105/><V88/><F67/><N who="3" m="41319" /><G108/><T77/><D134/><U125/><E125/><V100/><F100/><W44/><G135/><T121/><D121/><U9/><E38/><V50/><F37/><W76/><G76/><T69/><D109/><U120/><E120/><V32/><F43/><W1/><G1/><T63/><D128/><U31/><E53/><V106/><F106/><W133/><G133/><T40/><D71/><U61/><E61/><V3/><F3/><W131/><G93/><T0/><D40/><U86/><E72/><N who="3" m="27722" /><G19/><T110/><D110/><U57/><E57/><V87/><F87/><W65/><G65/><T2/><D94/><U101/><E98/><V112/><F59/><W82/><G82/><T130/><D2/><U25/><E15/><V80/><F23/><W89/><G89/><T126/><D126/><U116/><E116/><V49/><F20/><W122/><G122/><T36/><D36/><U24/><E24/><V64/><F64/><W68/><G68/><T91/><D130/><N who="3" m="49673" /><G124/><T78/><D91/><N who="1" m="51663" /><E8/><V97/><F49/><AGARI ba="0,0" hai="42,44,49,114,115" m="49673,27722,41319" machi="49" ten="30,3900,0" yaku="19,1,52,2" doraHai="111" who="3" fromWho="2" sc="204,0,252,0,218,-39,326,39" /><INIT seed="5,0,0,0,1,27" ten="204,252,179,365" oya="1" hai0="113,22,98,8,61,130,62,93,4,72,110,47,74" hai1="94,14,0,133,12,135,69,49,66,88,107,65,67" hai2="116,87,9,1,121,124,6,126,77,42,20,3,131" hai3="92,100,96,11,75,54,16,7,46,97,28,108,102"/><U120/><E0/><V125/><F121/><W15/><G75/><T30/><D110/><U21/><E120/><V33/><F116/><W41/><G108/><T19/><D130/><U35/><E35/><V50/><F33/><W129/><G129/><T119/><D119/><U64/><E107/><V82/><F131/><W111/><G111/><T90/><D113/><U10/><E69/><V109/><F20/><W134/><G134/><T55/><D72/><U85/><N who="1" m="16384" /><DORA hai="26" /><U127/><E127/><V17/><F17/><W45/><G54/><T106/><D74/><U105/><E105/><V18/><F18/><W44/><G28/><T118/><D106/><U89/><E49/><V117/><F117/><W115/><G115/><T25/><D118/><U63/><E63/><V132/><F109/><W114/><G114/><T52/><D19/><N who="1" m="10487" /><E89/><V34/><F34/><W91/><G7/><T104/><D104/><U84/><E133/><V57/><F132/><W101/><REACH who="3" step="1"/><G97/><REACH who="3" ten="204,252,179,355" step="2"/><T39/><D55/><U86/><E135/><V71/><F71/><W53/><G53/><T122/><D122/><U79/><E79/><V37/><F125/><W58/><G58/><T23/><D52/><U78/><E78/><V81/><F57/><W60/><G60/><T73/><D62/><U31/><E31/><V99/><F99/><W38/><AGARI ba="0,1" hai="11,15,16,38,41,44,45,46,91,92,96,100,101,102" machi="38" ten="30,7900,0" yaku="1,1,0,1,54,1,53,1" doraHai="27,26" doraHaiUra="68,2" who="3" fromWho="3" sc="204,-20,252,-39,179,-20,355,89" /><INIT seed="6,0,0,5,5,61" ten="184,213,159,444" oya="2" hai0="66,38,70,73,52,96,126,105,64,29,67,98,30" hai1="130,95,75,120,32,8,100,101,82,129,3,107,69" hai2="17,81,131,51,103,20,27,133,45,93,59,87,83" hai3="57,37,112,63,121,128,4,106,79,16,50,11,40"/><V109/><F133/><W18/><G121/><T135/><D70/><U94/><E32/><V1/><F131/><N who="1" m="50185" /><E69/><V104/><F1/><W31/><G37/><T97/><D105/><U68/><E68/><V42/><F109/><W76/><G106/><T88/><D135/><U91/><E3/><V62/><F104/><W12/><G31/><N who="0" m="11787" /><D38/><U117/><E8/><V22/><F22/><W13/><G112/><T116/><D73/><U132/><E132/><V90/><REACH who="2" step="1"/><F103/><REACH who="2" ten="184,213,149,444" step="2"/><W25/><G128/><T89/><D116/><U125/><E117/><V115/><F115/><W6/><G11/><T60/><D126/><U111/><E125/><V5/><F5/><W15/><G4/><T85/><D85/><U43/><E101/><V71/><F71/><W134/><G6/><T39/><D39/><U9/><E100/><V28/><F28/><W58/><G134/><T72/><D72/><U26/><E107/><V7/><F7/><W124/><G124/><T77/><D77/><U19/><E75/><V10/><F10/><W35/><G79/><T21/><D21/><U49/><E9/><V48/><F48/><W53/><G76/><T41/><D41/><U46/><E111/><V74/><F74/><W34/><G50/><T24/><D24/><U56/><E120/><V14/><F14/><W113/><G113/><T127/><D127/><U47/><E26/><V54/><AGARI ba="0,1" hai="17,20,27,42,45,51,54,59,62,81,83,87,90,93" machi="54" ten="20,7800,0" yaku="1,1,0,1,7,1,8,1,53,0" doraHai="61" doraHaiUra="92" who="2" fromWho="2" sc="184,-26,213,-26,149,88,444,-26" /><INIT seed="6,1,0,1,2,9" ten="158,187,237,418" oya="2" hai0="3,12,108,24,92,111,57,93,29,28,107,130,11" hai1="34,48,30,102,18,129,72,23,114,132,86,68,123" hai2="49,37,103,97,109,19,63,115,58,42,99,116,38" hai3="4,56,70,77,54,83,46,120,39,55,8,94,1"/><V80/><F116/><W6/><G70/><T122/><D107/><U71/><E30/><V52/><F115/><W106/><G106/><T133/><D122/><U20/><E34/><V32/><F32/><W36/><G120/><T13/><D57/><U31/><E72/><V95/><F109/><N who="0" m="42058" /><D93/><U0/><E123/><V134/><F134/><W45/><G6/><N who="0" m="1503" /><D92/><U76/><E102/><V126/><F97/><W84/><G94/><T113/><D133/><U124/><E132/><V75/><F75/><W5/><G5/><T22/><D113/><U35/><E0/><V128/><F80/><W33/><G33/><T27/><D130/><U25/><E114/><V50/><F128/><W125/><G125/><T66/><D66/><U7/><E7/><V127/><F127/><W117/><G117/><T26/><D26/><N who="1" m="16863" /><E35/><AGARI ba="1,0" hai="12,13,22,24,27,28,29,35" m="1503,42058" machi="35" ten="30,7700,0" yaku="34,2,52,2" doraHai="9" who="0" fromWho="1" sc="158,80,187,-80,237,0,418,0" /><INIT seed="7,0,0,1,3,52" ten="238,107,237,418" oya="3" hai0="15,82,43,132,12,85,108,69,111,1,25,75,129" hai1="81,67,33,89,48,38,0,113,62,18,31,72,46" hai2="94,103,27,32,71,40,49,13,77,36,128,90,124" hai3="110,70,9,39,80,44,126,88,17,16,130,4,97"/><W66/><G44/><T118/><D118/><U57/><E113/><V64/><F36/><W28/><G17/><T68/><D1/><U22/><E38/><V26/><F71/><W50/><G50/><T84/><D129/><U92/><E0/><V56/><F32/><W24/><G97/><T45/><D132/><U112/><E112/><V96/><F128/><W106/><G80/><T127/><D127/><U59/><E33/><V102/><F124/><W95/><G95/><T10/><D75/><U6/><E6/><V107/><F77/><W78/><G24/><N who="2" m="9257" /><F107/><W34/><G9/><T23/><D69/><U7/><E7/><V60/><F13/><W61/><G61/><T98/><D68/><U8/><E31/><V93/><F93/><W51/><G66/><T37/><D98/><U21/><E72/><V117/><F117/><W42/><G42/><T115/><D115/><U131/><E131/><V73/><F73/><W2/><G2/><T54/><D54/><U3/><E3/><V30/><F30/><W14/><G70/><T123/><D123/><U86/><E92/><V91/><F102/><W11/><G106/><T20/><D12/><U105/><E105/><V119/><F119/><W109/><G14/><T121/><D121/><U83/><E83/><V101/><F101/><W99/><G126/><T35/><D82/><U133/><E133/><V53/><F40/><W65/><G130/><T63/><D35/><U122/><E122/><V58/><AGARI ba="0,0" hai="49,53,56,58,60,64,90,91,94,96,103" m="9257" machi="58" ten="30,4000,0" yaku="8,1,52,2" doraHai="52" who="2" fromWho="2" sc="238,-10,107,-10,237,40,418,-20" owari="228,-17.0,97,-40.0,277,8.0,398,49.0" /></mjloggm>